2688 4898
16 297 18 306 '
122 279 244 364 '268
436 288 438 298 '
543 259 723 370 unsarans.
758 243 966 350 Granouas

181 472 279 535 citsts
299 469 396 532 nimis
411 433 688 554 longe‘removeri
715 467 859 529 deberet.
900 466 1060 550 Equidem
1083 469 1189 532 variae
1207 491 1301 554 geue·

179 555 227 619 ris
255 555 383 636 species
408 574 427 614 e
452 567 566 618 centro
590 553 780 634 scyphorum
809 550 948 634 subinde
974 551 1217 634 prolilieantur‚
1248 559 1301 619 aad

69 695 72 706 ι
181 639 296 715 eodem
320 638 417 701 modo
440 659 475 724 se
495 635 615 700 habent
634 635 764 698 aliarum
784 634 956 696 Cladoniae
977 637 1156 698 sectionum
1177 639 1302 702 charac-

67 752 70 766 π
180 722 500 806 terespropositae.
530 755 573 768 —-
616 720 1180 800 ,Cenomyce‘verticillatm
1224 744 1301 788 var.

178 805 455 892 phyllopbora
491 807 604 867 Lan'r.
637 801 757 864 Herb.
794 800 922 877 stab,
963 818 1112 888 quantum
1138 826 1157 866 e
1183 807 1303 870 nostris

138 969 141 988 Ι
178 887 408 975 speciminibus
424 901 522 972 patet,
538 885 668 972 longius
685 886 723 948 ab
740 885 792 946 his
808 885 979 968 speciebus
995 889 1149 952 recedere
1165 889 1303 954 videtur.

426 1085 456 1140 6·
488 1093 718 1142 casuum
766 1093 1065 1140 sennonteus.

88 1253 93 1262 ¹
207 1233 210 1240 ’
263 1220 310 1284 cl.
331 1219 472 1303 podetiis
491 1217 737 1299 suboylindricis
759 1218 879 1302 glabris
905 1215 1300 1283 albida-ciuermcantibn

179 1305 306 1368 demum
324 1303 580 1366 inanescentibus
599 1303 744 1364 omnibus
763 1301 973 1384 scyphiferis‚
996 1303 1122 1384 acypbis
1143 1303 1300 1386 regulari·

161 1387 239 1450 lbus
293 1388 475 1451 laniuscnlis
502 1386 638 1450 subinde
665 1388 806 1468 pertusis
838 1384 981 1467 margine
1012 1387 1299 1450 lacero-radiatim

174 1411 527 1554 spinuloso·fimbriatis
546 1490 566 1530 e
582 1485 693 1534 centro
713 1471 852 1551 repetito
864 1505 876 1518 ·
888 1459 1069 1551 proliferis,
1091 1468 1234 1536 fimbriis
1256 1473 1298 1533 di·

177 1555 256 1622 visis
277 1556 377 1618 fuscis
399 1555 490 1636 apice
515 1557 641 1636 saepius
658 1554 836 1616 fructiferis
865 1553 917 1614 vel
938 1554 1204 1634 pulriuuliieris,
1227 1578 1297 1639 apu-

179 1637 297 1702 theciis
318 1638 530 1718 (abortivis'l)
551 1629 658 1720 parvis
682 1638 884 1722 subglobosis
904 1637 1017 1700 fuscis.

263 1742 358 1806 Fllte.
379 1753 546 1805 comment.
567 1765 662 1806 nono.
686 1765 720 1825 ρ.
743 1743 794 1805 do.
824 1767 826 1774 ¹

264 1845 444 1922 Cenomyce
471 1844 676 1916 renisibus,
709 1840 818 1903 Reddi
843 1839 876 1902 in
906 1839 983 1901 Atti
1007 1839 1094 1903 della
1123 1843 1198 1903 Soc.
1231 1839 1297 1903 irat.

300 1925 385 1988 delle
403 1927 526 1991 sciense
549 1925 615 1990 Vol.
633 1920 769 1988 XVIII.
788 1949 823 2010 p.
839 1925 889 2002 34.
912 1923 1026 1988 tabe.
1040 1919 1106 2009 fig.
1124 1925 1298 2004 4.(18au.)

259 2025 412 2089 (ilsdouia
434 2028 615 2112 spinigera,
646 2023 772 2110 Meyer
794 2025 866 2112 ²2⁶·
893 2048 927 2108 p.
954 2035 1012 2098 rob
1042 2024 1120 2102 (fide
1147 2026 1298 2106 specimi-

202 2215 204 2220 .
296 2110 403 2255 pisc'rp
423 2111 516 2172 herb.
538 2116 619 2208 fleg.
640 2111 786 2190 Berol.);
819 2110 972 2172 suetiam
995 2107 1042 2180 Cl.
1063 2107 1177 2174 foliata
1201 2108 1297 2192 ejusd.

246 2255 746 2460 -Scpphpphpppspterticillarim
770 2285 877 2354 Miclt.
899 2288 932 2352 F
934 2289 957 2356 I.
978 2289 1060 2374 Bor.
1084 2290 1202 2354 Anser.
1230 2289 1297 2354 Vol.

171 2465 175 2478 '
233 2481 340 2545 roam
363 2482 477 2546 sonna
504 2496 537 2545 et
560 2481 764 2564 poemorum
784 2479 876 2542 antea
895 2481 928 2542 tn
952 2481 1046 2563 copta
1070 2481 1297 2563 spectantum,

150 2576 266 2654 'quarn
293 2586 402 2629 coram
432 2566 605 2640 babemus,
643 2565 743 2628 deest.
795 2565 931 2629 Podetia
960 2565 1171 2646 longissima,
1214 2569 1303 2642 (cunr

168 2649 476 2734 prolificationibus)
505 2650 842 2736 tri-quadriuncialis,
874 2671 934 2730 pro
965 2649 1191 2731 magnitudine
1215 2651 1302 2710 satis

170 2735 327 2820 gracilia,
368 2733 527 2806 fistulosa,
569 2735 693 2816 glabra,
731 2733 1115 2795 albido·cinerascentia.
1170 2732 1305 2795 Prolili-

170 2819 314 2880 ustiones
350 2839 454 2904 usque
489 2817 678 2890 duodecim,
724 2814 918 2897 cylindricae
952 2815 1003 2879 vel
1036 2838 1166 2878 sursum
1205 2817 1306 2878 deor-

169 2923 304 2985 sumque
330 2922 441 2964 versus
460 2901 598 2982 scyphos
619 2897 720 2982 magis
739 2902 884 2963 minusve
910 2898 1137 2980 amplificatae,
1162 2901 1304 2963 inferiu-

96 3023 101 3044 ,
168 3005 224 3048 res
248 2987 397 3068 aequales
416 2986 491 3052 sere
514 2987 724 3045 semunciales
753 2984 880 3065 saepius
904 2985 1034 3044 omnino
1060 2985 1300 3052 luscescentem.

168 3070 357 3150 superiores
382 3068 585 3150 longitudine
614 3082 646 3128 et
675 3069 823 3129 crassitie
853 3089 925 3133 cum
953 3065 1146 3148 scyphorum
1177 3069 1298 3130 ambita

125 3181 129 3190 ·
167 3151 410 3223 descrescentcs
427 3155 466 3214 ad
480 3152 572 3212 basin
589 3165 709 3211 tautum
729 3171 801 3212 cum
822 3152 1014 3233 scyphorum
1033 3149 1213 3234 superficie
1230 3151 1293 3211 sus

168 3248 355 3309 sescentas,
385 3257 524 3297 summae
553 3237 825 3317 scypboutjinimo
851 3237 996 3298 abortivo
1017 3234 1088 3316 fere
1117 3237 1294 3318 capitam

166 3313 343 3402 pleraeque
366 3321 528 3399 simplices
551 3341 577 3380 s.
598 3320 759 3380 solitariae
782 3340 847 3380 non
872 3340 947 3380 raro
977 3319 1071 3384 binae
1101 3330 1299 3402 aggregatae

167 3402 360 3486 quandoque
383 3406 534 3488 utrinque
553 3423 664 3486 parum
684 3403 852 3466 incursae.
887 3402 971 3486 quod
993 3423 1032 3463 eo
1057 3401 1155 3465 ruodo
1176 3403 1307 3482 repeti-

166 3499 237 3560 tur,
270 3501 305 3548 ut
325 3487 454 3570 podctia
479 3491 604 3570 integra
629 3489 772 3548 iteratim
791 3486 893 3548 divisa
914 3500 945 3546 et
970 3485 1128 3584 prolispra
1151 3488 1313 3568 speciem

168 3571 346 3652 praebeant
373 3571 557 3633 candelabri
579 3570 707 3633 ramosi.
752 3571 870 3653 Scypbi
893 3571 1016 3652 magni,
1053 3571 1213 3632 diametro
1250 3572 1314 3632 de-

165 3675 253 3717 mum
278 3657 362 3717 ultro
391 3650 586 3718 semunciam
616 3656 806 3725 metientes,
844 3655 996 3735 expansi,
1036 3652 1184 3732 juniores
1216 3655 1244 3716 i.
1281 3677 1311 3716 e.

167 3739 283 3801 summi
317 3741 469 3814 concavi,
516 3739 689 3801 adultiores
721 3736 806 3819 plani
834 3736 941 3813 xirnmo
975 3738 1120 3820 margine
1160 3737 1312 3802 reflexi.

166 3821 282 3886 omnes'
301 3827 442 3886 tenuiter
461 3823 711 3895 membranacei,
738 3819 910 3902 superficie
933 3822 1103 3904 superiore
1129 3835 1219 3896 tota,
1259 3825 1310 3884 in·

96 3965 98 3975 ,
165 3908 292 3974 feriore
323 3910 500 3992 marginem
536 3923 646 3968 versus
681 3905 919 3978 lassescentes,
961 3926 979 3966 e
1011 3904 1134 3984 duplici
1162 3907 1314 3989 quiden

165 3993 282 4057 lamina
315 3993 371 4070 (ad
401 4012 548 4055 normam
576 3991 721 4072 generis)
747 3989 961 4072 compositae,
1001 3989 1058 4050 sed
1088 3989 1123 4048 in
1157 4004 1317 4074 utraque

166 4076 316 4138 radiatim
342 4076 469 4150 striati,
499 4095 542 4137 ex
560 4074 612 4136 bis
631 4074 721 4134 striis
743 4073 880 4135 subinde
899 4075 933 4133 in
953 4071 1062 4134 medio
1083 4072 1199 4154 scyphi
1218 4073 1321 4138 hinc

166 4159 243 4221 inde
260 4160 375 4222 solutis
394 4157 741 4238 cancellato-pertusi,
765 4174 809 4218 ex'
831 4156 947 4218 iisdem
969 4169 1158 4219 constanter
1177 4161 1319 4242 margi-

167 4259 243 4302 nem
269 4262 400 4315 versus‚
441 4236 546 4304 rar'irm
575 4241 652 4301 totis
677 4261 783 4325 usque.
797 4237 846 4310 ,sd
872 4253 1017 4303 centrum
1049 4241 1169 4304 solutis
1192 4245 1321 4326 magis

168 4321 313 4389 minusve
331 4328 525 4408 regulariter
542 4322 656 4399 dirisi,
680 4325 724 4386 ita
741 4337 775 4386 ut
794 4321 943 4390 radiatim
957 4338 996 4387 ‘et
1018 4325 1120 4411 longe
1142 4324 1325 4392 liubi-ini

1059 4415 1070 4454 s
