2688 4898
212 241 275 310 242
308 225 310 230 ¹
502 299 504 312 ,
586 234 766 294 hunuanus.
803 233 964 296 hactum.

202 416 321 484 ,nullas
342 413 484 495 ejusdem
506 422 637 496 generis
658 411 787 493 species
808 411 943 474 eundem
970 414 1124 497 nsarginis
1145 413 1318 476 dehiscendi

216 500 344 564 modum
383 493 484 578 magis
520 496 665 558 minusve
700 495 883 557 distinctum
923 497 1113 576 perhibent,
1157 517 1258 581 quse,
1298 499 1317 558 si

215 583 372 665 Pyxine
401 579 581 662 recipitur,
619 579 660 641 ob
691 580 866 662 marginem
895 579 1069 643 thallodem
1106 581 1337 663 persistentem¹

215 667 254 729 ab
281 664 392 728 eadem
422 662 608 733 distinctae,
638 663 673 722 in
701 663 870 744 proprium
898 683 999 748 genus
1026 684 1092 727 non
1119 665 1196 726 satis
1225 667 1337 736 exacte}

212 746 539 812 circumscribendum
562 745 762 828 colligendae
782 759 901 809 esseut.
1336 737 1337 824 l

295 839 538 933 Ilaeomyces
567 849 657 914 Aah.
687 873 704 913 a
733 853 780 915 Cl.
802 856 970 933 Meyero
998 853 1061 916 huc
1087 853 1218 916 redacta
1244 841 1337 936 thalli}

234 931 413 1022 artium'que
427 933 683 998 fructificationis
696 949 886 998 structuram
901 937 1009 1020 fungis
1020 937 1187 1020 propriam
1205 939 1313 1014 (rcrcn
1336 943 1337 1008 Τ

133 1101 134 1106 ¹
210 962 410 1104 hymenium)
438 1019 546 1082 hahet.
574 1055 616 1072 -
654 1021 927 1100 Myriotrema
952 1015 1033 1084 Fies
1065 1023 1104 1083 ab
1131 1021 1314 1084 eodemhnc

95 1130 98 1144 ’
134 1109 138 1126 ⁸
211 1109 346 1170 relatum
368 1105 407 1166 ad
428 1102 698 1178 Thelotrema
719 1104 874 1192 pertinet.

580 1310 715 1370 secuto
737 1315 760 1368 1.
796 1311 973 1388 seona„

293 1452 416 1540 Zeora,
439 1443 529 1508 Fries
546 1443 594 1529 pl.
617 1445 744 1530 hornen.
772 1466 814 1527 p,
831 1454 903 1520 aad.

292 1553 453 1658 hccideae
474 1568 507 1660 et
527 1555 733 1626 Lecanorae,
756 1547 847 1613 Act.
865 1546 928 1612 Ph'c
949 1547 974 1616 l.
995 1571 1023 1612 c.
1047 1541 1186 1636 species.
1336 1551 1337 1614 l

291 1660 480 1724 Patelleriae
503 1657 701 1724 etPlacodii
722 1654 798 1722 Dc,
822 1653 844 1720 l.
867 1675 895 1732 c,
919 1655 1055 1738 species.

304 1775 500 1848 Thallus
527 1774 693 1874 leprosus
719 1763 1002 1873 pulverulentus.

141 1969 150 1996 ,
301 1895 611 1993 Apothccium
650 1890 944 1994 patellacformc,
994 1892 1235 1988 dissigarum,
1272 1895 1310 1992 ju·

203 1993 475 2169 fflfflargmc
499 1992 662 2064 thallode
687 1991 905 2091 pulveraceo
925 1989 1158 2079 obvallatum,
1186 1993 1310 2066 demun
1336 2015 1337 2098 j

289 2207 433 2272 Adnot.
477 2207 611 2288 Species
650 2207 704 2270 vix
730 2205 796 2268 nisi
826 2203 926 2268 thallo
953 2205 1179 2287 pulverulento
1206 2229 1236 2268 s.
1266 2223 1310 2270 tar·
1336 2251 1337 2288 ,

205 2309 293 2358 tarso
323 2288 538 2355 essentialiter
566 2289 757 2364 distinctae,
799 2288 888 2371 cujus
915 2287 1045 2352 residua
1079 2292 1114 2351 in
1149 2293 1311 2372 apothecis

205 2378 341 2440 emersis
371 2374 546 2456 marginem
579 2375 753 2440 thallodem
793 2373 935 2452 spurium
972 2373 1180 2438 constituunt.
1242 2377 1312 2438 Alias

202 2460 390 2534 nonnullae,
426 2479 515 2543 quae
535 2459 575 2519 ad
600 2461 769 2540 Zeoram
797 2459 857 2518 Fr.
888 2455 1008 2518 referri
1037 2471 1190 2539 possunt,
1234 2459 1311 2520 thalla

204 2545 359 2607 solidiore
388 2543 581 2626 gaudentes,
623 2553 738 2602 statum
769 2541 897 2623 quidem
930 2541 1071 2602 exactius
1100 2542 1311 2606 intermedium

203 2629 290 2690 inter
320 2625 540 2689 Lecideam
570 2639 602 2686 et
635 2623 1080 2697 Locanoramindicant,
1118 2625 1176 2688 sed
1209 2627 1311 2688 limites

204 2732 333 2796 quoqne
355 2709 453 2773 modo
472 2710 598 2771 desunt.
642 2708 695 2772 Oh
717 2709 848 2790 gradum
873 2707 1099 2772 intermedium
1121 2709 1209 2774 inter
1231 2715 1311 2774 Par·

204 2795 381 2858 melinas
403 2805 438 2856 et
459 2791 684 2855 Lccidi'nas
704 2791 758 2854 hic
780 2794 933 2853 Zeorae
955 2792 1045 2854 locus
1067 2805 1129 2856 est.

421 3002 445 3050 1.
485 2979 682 3053 trossulus
731 2997 1117 3062 rarssauontsrmnL

287 3142 323 3202 L.
346 3152 451 3202 crusta
479 3140 726 3202 subtartartarea
749 3143 819 3203 alba
848 3141 997 3220 evanida,
1027 3143 1209 3226 apotheoiis
1235 3145 1304 3207 sessi·

202 3223 286 3286 libus
329 3222 573 3304 subeylindricis
618 3229 718 3300 atris,
764 3226 946 3307 junioribus
984 3227 1091 3290 albido
1109 3263 1122 3278 ·
1139 3228 1306 3312 pruinosis,

204 3307 295 3372 disco
317 3308 412 3389 plano
435 3307 696 3384 convexiusculo,
718 3311 863 3392 margine
887 3311 1021 3392 proprio
1041 3312 1131 3373 tenui
1151 3329 1230 3396 post
1251 3332 1312 3374 nar·

193 3390 311 3474 'ginem
334 3391 503 3452 thallodem
527 3393 672 3472 spurium
694 3393 843 3454 amissum
866 3397 1070 3476 persistente.

286 3504 416 3567 Thallus
455 3519 641 3568 crustaceus
671 3506 889 3590 subaequalis,
929 3507 1037 3590 junior
1076 3511 1313 3576 solidiusoulus,

204 3589 331 3652 demum
359 3588 571 3650 farinulentus
608 3603 641 3651 et
673 3592 824 3655 evanidus
854 3611 914 3656 nec
945 3593 1008 3653 nisi
1039 3597 1127 3656 circa
1156 3591 1314 3678 apothecis

202 3673 362 3738 residuus.
405 3673 583 3753 Apothecia
615 3693 740 3756 sparsa,
781 3675 923 3750 sessilis,
959 3677 1056 3739 etiam
1091 3692 1167 3762 post
1195 3678 1315 3740 thallus

202 3757 385 3841 dispersum
420 3751 491 3817 fere
523 3756 699 3836 cylindrica
733 3779 794 3835 nec
826 3759 896 3822 basi
933 3774 1115 3844 augustata,
1153 3763 1337 3823 nonnulla..

189 3841 250 3918 ,uti
280 3840 424 3912 videtur,
453 3839 516 3924 jam
547 3841 580 3900 in
619 3853 702 3902 statu
739 3842 867 3922 juniore
900 3846 1047 3928 angulata
1085 3861 1118 3908 et
1135 3844 1337 3922 'difformis

199 3925 332 3990 Discus·
361 3923 457 4007 plano
473 3959 486 3972 ·
502 3925 784 3999 convexiusculus,
831 3927 942 4009 junior
979 3927 1314 4012 albido'·pruinosus,
1330 3918 1337 3935 ''

200 4009 346 4093 margine
367 4007 520 4070 thallode
537 4007 672 4069 subinde
694 4010 907 4074 crassiusculo
930 4010 1073 4084 cinctus,
1102 4025 1250 4077 vetustus
1271 4011 1337 4076 det

201 4093 336 4157 nudatus
357 4105 443 4166 ater,
479 4093 624 4174 margine
645 4091 786 4154 thallode
814 4094 1004 4172 destitutus,
1036 4098 1226 4182 plerumque
1250 4115 1314 4181 pro

200 4176 274 4254 prio
306 4176 394 4240 tenui
423 4176 560 4240 cinctus.
603 4176 841 4258 Hypothecium
863 4191 980 4254 tenue,
1008 4181 1152 4265 quamvis
1178 4180 1211 4242 iu
1242 4191 1317 4244 statu

200 4255 330 4321 madido
353 4280 457 4345 acque
485 4259 586 4324 scin
618 4261 707 4324 sicco
729 4261 855 4328 intense
884 4263 1030 4348 nigrum,
1061 4265 1191 4330 minima
1214 4277 1317 4330 tanes
