2656 4902
154 289 221 362 [24
490 287 675 351 Licnnnns.
697 274 700 284 ¹
719 289 952 354 Vannccanta.

240 467 399 553 Sphaeria
415 470 585 542 atomaria,
614 467 737 530 Wallr.
753 467 777 530 l.
790 489 820 531 c.
837 471 908 553 tp.
925 467 1016 554 ιι53.,
1038 489 1079 532 an
1096 483 1129 532 et
1146 465 1228 554 Splr.
1252 465 1304 529 in-

283 553 442 628 farciens,
471 551 594 614 Wullr,
610 552 677 615 ibid
687 549 707 614 ?

221 633 376 722 'Thallus
409 652 593 701 crustaceus
632 637 691 702 snb
718 635 921 719 epitlermitle
948 635 1119 710 nidulum,
1155 635 1306 700 maculat

159 721 236 786 binc
255 721 406 784 efficiens
425 723 459 783 in
475 723 585 786 eadent
605 722 805 805 epidermide
829 742 941 804 parum
966 721 1137 783 dilationes
1160 721 1214 784 rel
1235 743 1305 783 rna·

159 803 212 892 gis
233 807 451 878 virescentes,
485 808 606 870 diversi
635 822 779 868 ceterum
801 808 834 868 in
855 805 992 868 diversis
1013 799 1185 867 arboribus
1209 805 1307 868 colo·

157 891 227 967 rint
258 891 291 951 in
315 893 436 954 nostris
456 894 597 954 crassior
618 913 711 974 quarn
731 891 764 951 in
781 889 1003 972 europaeicis‚
1027 889 1067 951 nt
1092 889 1255 954 ambitum
1277 901 1307 952 et

157 974 194 1036 in
216 975 366 1038 sectione
394 975 490 1038 facile
514 975 775 1058 distinguendus,
807 977 840 1035 in
865 972 1006 1036 confinio
1028 975 1156 1055 saepius
1186 974 1308 1058 nigro·

158 1057 327 1121 limitatus.
383 1059 564 1142 Apothecia
589 1081 720 1144 quoque
746 1055 857 1142 parurn
886 1057 1025 1139 maiora,
1065 1057 1227 1141 depressa
1255 1059 1306 1120 rel

160 1141 357 1218 subconice,
393 1145 427 1204 in
461 1144 623 1206 nonnullis·
668 1143 899 1226 speciminibus
932 1142 1097 1222 elliptics,
1134 1141 1303 1206 ostiolatt.

158 1227 382 1290 Perithecium
405 1228 456 1288 vel
476 1247 567 1289 merc
583 1249 736 1308 superum
751 1228 951 1288 dimidiatum
971 1227 1021 1289 vel
1042 1225 1147 1288 rarius
1169 1227 1304 1290 interne

159 1309 332 1388 inflexum,
356 1312 464 1374 medio
485 1311 600 1376 baseos
617 1325 800 1374 constanter
815 1310 1000 1374 deficiente.
1044 1311 1211 1375 Ostiolum
1233 1311 1306 1373 fere

158 1415 290 1479 semper
313 1397 512 1480 papillatum.
565 1398 694 1458 Thecae
709 1418 838 1476 parvae,
872 1396 1036 1478 ellipticae
1054 1395 1304 1458 bi-triannuta-

157 1491 231 1556 tac,
262 1480 314 1543 vel
333 1481 366 1542 in
390 1480 537 1563 plurimis
561 1479 652 1544 binas
676 1481 822 1562 sportulas
850 1500 925 1542 ese
947 1481 1086 1542 invicem
1107 1492 1261 1541 remotas
1276 1493 1305 1541 et

158 1563 311 1714 gametri
338 1586 410 1628 cum
439 1565 609 1629 latitudine
635 1565 801 1628 thecatum
828 1566 1007 1649 comparati
1033 1563 1133 1646 tluplc
1158 1564 1305 1628 minoris

198 1663 324 1716 ventes.

245 1752 367 1815 Crescit
394 1752 427 1816 in
460 1753 582 1816 cortice
610 1752 802 1838 Calophytti
821 1753 990 1830 euitandam
1016 1751 1133 1838 speciei
1160 1751 1210 1814 ud
1227 1749 1307 1833 fln-

156 1835 248 1900 vt'um
271 1839 479 1900 Amazonum
497 1837 730 1920 variarumque
744 1838 899 1900 orborum
941 1859 1019 1920 rope
1040 1834 1147 1911 Parti,
1171 1837 1305 1900 incon·

150 1914 240 2000 finio
266 1920 440 2006 Gropbidis
472 1921 725 2008 pulverulentus?
753 1945 825 1984 cor.
860 1861 1052 2006 ambiguae,
1080 1919 1308 1984 Vcrrucarictc

155 2003 294 2092 phocae,
315 2005 522 2104 'l'rypetlselli
537 2005 782 2088 hemisphaerica
796 2019 826 2068 et
838 2003 1021 2068 Parmeliuc
1035 2005 1202 2083 micuntt's,
1225 2029 1307 2090 pro·

157 2110 199 2165 pe
217 2074 358 2154 Batiam
378 2115 411 2153 tn
431 2085 573 2172 corfinio
588 2089 762 2176 Grupbidis
773 2091 888 2153 ocriae
901 2113 971 2155 aar.
985 2088 1205 2167 orbicularis,
1228 2091 1307 2154 dein

155 2175 260 2262 prope
277 2173 425 2262 Caytc'tc'.
1019 2196 1025 2216 ¹

262 2283 301 2348 V.
337 2283 679 2366 punctiformis?
724 2282 1018 2360 straminea;†
1051 2295 1159 2346 crusta
1197 2280 1310 2365 hypo-

140 2393 148 2402 ·
161 2366 326 2452 pbloeodc
349 2370 571 2448 (straminea),
595 2368 777 2449 apotheciis
800 2365 1091 2445 hctnispbaeticis,
1114 2365 1312 2448 perithecio

162 2452 204 2518 nd
221 2454 321 2515 latera
341 2453 540 2525 incrassato,
565 2453 683 2513 nucleo
696 2451 774 2510 hinc
796 2450 1207 2532 lagenilormi-conoitleo.

247 2557 379 2626 Thallus
395 2573 592 2631 crustaceus,
609 2559 672 2619 late
685 2572 846 2628 extensus,
867 2557 900 2616 in
917 2555 1057 2618 conlinio
1069 2556 1312 2641 nigro-limita·

76 2659 85 2682 l
162 2657 233 2720 tus,
256 2644 291 2705 ni
305 2635 419 2718 sallon,
442 2643 726 2728 hypophloeodes,
750 2641 889 2712 coloris,
912 2642 959 2702 uti
974 2641 1100 2702 videtur
1130 2661 1208 2701 curn
1235 2663 1313 2705 cor·

164 2729 248 2803 tice,
272 2729 450 2790 straminei.
498 2727 673 2810 Apotbocia
693 2724 965 2808 praecedentibus
986 2747 1098 2810 parum
1126 2725 1255 2806 majora
1280 2739 1312 2789 et

160 2813 264 2895 magis
293 2813 433 2887 elevata,
472 2812 599 2890 juniora
623 2835 640 2872 a
665 2829 770 2872 crusta
802 2811 946 2880 obtecta,
976 2809 1134 2872 adultiora
1164 2829 1311 2882 emersa,

146 2893 234 2957 'basi
251 2895 290 2955 ab
312 2898 428 2958 eodem
455 2896 637 2961 obvallata..
673 2894 912 2974 Peritbccinm,
943 2887 1087 2977 quamtis
1112 2892 1252 2956 inferne
1271 2895 1315 2956 atl

164 2977 320 3042 ambitum
348 2979 526 3040 circulatim
559 2981 661 3052 desit,
704 2979 832 3059 saepius
859 2993 964 3040 tamen
993 2980 1025 3040 in
1050 2977 1159 3039 medio
1188 2980 1316 3044 baseos

155 3059 312 3146 ejutttlem
342 3086 415 3146 pars
443 3065 616 3125 incrassata
645 3076 678 3126 ct
703 3064 849 3125 snbuiata
877 3065 1023 3124 nucleum
1049 3062 1227 3143 periurans
1253 3066 1316 3126 ob-

166 3161 313 3210 servatur
337 3147 411 3225 (cir.
440 3149 547 3210 adnot.
567 3170 662 3232 supra
689 3169 720 3229 p.
746 3147 831 3222 123.)
872 3147 999 3210 Ostiola
1027 3159 1157 3230 aperta,
1190 3167 1317 3234 parum

164 3229 333 3316 impressa.

246 3311 369 3382 Incolit
388 3314 539 3376 corticem
559 3314 713 3376 arborum
732 3335 837 3397 prope
858 3309 960 3378 Porci.

250 3421 398 3484 Adnot.
441 3426 520 3484 Cum
542 3422 703 3504 integrum
730 3421 811 3503 ligni
840 3419 997 3492 frustum,
1027 3418 1115 3503 quotl
1134 3417 1321 3494 babemus,

165 3523 185 3566 ι
207 3519 313 3568 crusta
336 3506 508 3580 obtectum¹
524 3508 587 3579 sit,
617 3507 710 3587 hujus
728 3521 870 3566 naturam
890 3518 922 3566 et
938 3501 1158 3564 differentiam
1177 3504 1222 3566 ab
1243 3510 1324 3588 epi·

167 3588 311 3652 dermidc
330 3611 446 3652 eruere
464 3592 515 3650 vix
533 3610 724 3672 possumus-3
745 3590 822 3664 binc
847 3590 939 3650 etob
959 3586 1132 3666 perithecii
1163 3583 1325 3652 s'tructu·

166 3696 235 3740 ram
253 3696 364 3757 parurn
382 3675 542 3738 diversam
560 3675 792 3756 apotheciaque
812 3672 911 3754 magis
932 3673 1053 3733 eterna
1074 3691 1135 3734 nec
1146 3673 1327 3756 depressa

167 3779 241 3824 cum
266 3759 482 3841 praecedente
503 3759 701 3822 contundere
721 3758 894 3819 noluimus.
939 3755 1204 3822 verrucaria
1230 3758 1327 3840 gin-2

165 3843 304 3915 brata,
329 3843 418 3904 Acb.
442 3843 668 3926 (laevigata
696 3848 807 3904 l'ers.
832 3841 891 3902 cir.
912 3840 997 3902 inira
1017 3861 1050 3922 p.
1077 3842 1164 3920 nott.)
1190 3863 1326 3906 secun·

166 3929 244 3996 dum
270 3927 440 4013 diagnosin
467 3940 598 3988 nostrae
617 3927 708 3988 valde
727 3926 861 3988 accedit.

425 4091 451 4145 t·
476 4101 774 4150 vannucanu
800 4087 1053 4152 rntstns.†

253 4213 294 4277 V.
325 4219 432 4272 causta
468 4205 718 4290 hypophloeode
751 4204 937 4286 (prasina),
967 4195 1150 4284 apotheciis
1182 4205 1326 4290 magnis

170 4292 295 4358 clevato
308 4293 453 4355 -conicis
465 4290 579 4352 'nitidis
599 4291 867 4372 erumpentibus,
891 4286 1074 4370 perithecio
1092 4288 1326 4366 crassissima,

169 4375 286 4442 nucleo
305 4377 421 4442 eorico
440 4374 510 4439 basi
526 4376 678 4439 immerso
697 4373 882 4458 ostioloque
900 4371 1029 4454 saepius
1046 4370 1140 4436 albis.
1160 4382 1167 4394 ·

840 4653 848 4686 l
