2760 4922
222 329 270 394 36
516 349 519 354 ·
545 323 676 387 scen.
727 323 1026 395 dssuuococcos.

312 501 355 566 In
376 502 443 566 oris
465 499 589 565 Oceani
607 501 653 563 cd
673 499 971 588 Sebastianopolins
1003 500 1046 566 cl.
1066 497 1246 587 Hoclting,·
1278 521 1370 564 com·

202 593 206 600 ’
228 588 406 654 manicavit
428 585 470 650 cl.
491 583 653 650 Mentem.

288 786 343 840 111.
366 784 596 840 emtiontssts
619 783 695 838 Aur
719 783 925 851 elusim,
949 781 1198 841 cottrltesste
1220 782 1308 839 Aur
1333 851 1337 856 Ι

596 873 987 930 suursnuttvscutsu.

392 998 418 1050 8·
455 1001 838 1052 trassucconem
871 995 1187 1061 nsuucosu8.†

313 1108 347 1168 8.
364 1104 481 1167 fronde
504 1105 712 1188 cartilaginea
729 1105 1102 1188 purpurascenti-rosea
1126 1122 1206 1186 vege
1227 1111 1264 1162 et
1284 1098 1370 1160 mul-

232 1190 371 1254 tifariam
388 1210 530 1264 ramosa,
560 1190 658 1250 remis
678 1190 844 1272 primariis
864 1189 1081 1272 compressis,
1118 1184 1254 1249 ramulis
1273 1204 1372 1265 sper·

183 1270 189 1278 ’
231 1275 277 1337 sis
299 1273 521 1338 teretiosoulis
539 1272 716 1334 bidentatis
733 1274 871 1336 bifurcis
895 1287 950 1336 sut
972 1271 1194 1343 denticulatis,
1225 1289 1372 1351 sponsu·

228 1358 294 1443 giis
306 1357 491 1420 lateralibus
501 1356 780 1440 hemisphaericis.
800 1351 911 1418 Mart.
923 1355 969 1418 Ic.
977 1355 1085 1418 select.
1096 1353 1213 1439 Crypl.
1222 1363 1249 1415 t.
1258 1345 1335 1435 (bs.
1344 1371 1371 1414 e.

311 1467 339 1527 F
341 1483 419 1525 ocus
435 1463 634 1538 remulcens,
655 1459 762 1526 Mert.
781 1461 813 1524 in
834 1462 899 1526 titt.

311 1573 433 1632 Besis
455 1583 606 1633 constans
632 1569 725 1633 fibris
758 1570 923 1632 nonnullis
949 1564 1255 1651 compressiusculis
1286 1563 1370 1624 sim·

227 1655 366 1737 plicibus
382 1667 437 1715 eut
451 1655 532 1733 hino
552 1655 629 1716 inde
643 1653 766 1716 ramulo
785 1654 922 1719 dentese
941 1675 1006 1715 uno
1025 1653 1170 1715 alterove
1188 1647 1369 1732 praeditis,

229 1761 326 1820 supra
349 1759 440 1812 sexs,
477 1737 616 1800 conches
639 1739 692 1800 vel
715 1739 874 1822 zoopbyts
894 1739 1018 1800 marin'a
1039 1757 1192 1819 expansu,
1223 1732 1276 1793 uti
1299 1745 1371 1794 tots

228 1823 328 1904 stirps
343 1821 541 1884 substantiae
556 1822 785 1906 cartilagineae
799 1836 833 1885 et
848 1823 971 1886 coloris
987 1817 1237 1904 purpurascenti
1246 1851 1259 1866 ·
1269 1815 1370 1878 rosei

228 1919 283 1968 sut
299 1907 331 1968 iu
351 1919 572 1968 marcescente
588 1905 700 1968 albidi.
745 1907 932 1970 Frondes
963 1906 1040 1968 inde
1064 1916 1200 1987 surgunt
1227 1915 1371 1964 erectae

226 2003 294 2052 tres
312 1989 352 2051 ed
369 1993 513 2074 quinque
530 1990 668 2073 pollices
683 1991 777 2065 eltae,
798 1990 870 2053 bssi
885 2011 1023 2074 pennam
1038 1987 1257 2051 columbinam
1273 2003 1372 2048 cres-

227 2093 300 2148 sse,
339 2093 420 2156 vage
447 2088 480 2134 et
515 2074 734 2156 subpinnetim
766 2095 929 2151 ramosae,
971 2075 1178 2138 disericstee.
1241 2069 1371 2132 Remi

138 2221 142 2228 ,
226 2177 338 2238 sparse
357 2158 409 2219 vel
433 2155 677 2220 subalternatim
695 2159 814 2222 iterum
831 2159 1005 2233 remulosi,
1033 2153 1229 2239 compressi,
1262 2153 1372 2216 dimi·

93 2293 102 2317 ,
225 2241 312 2302 diem
329 2240 369 2301 ad
387 2240 601 2316 dussliness,
630 2243 841 2326 (praesertim
861 2239 1145 2319 indivisionibus)
1163 2238 1231 2300 lsti.
1299 2241 1371 2300 lta-

225 2324 306 2386 muli
322 2346 449 2388 sursum
468 2326 653 2389 crebriores
674 2341 708 2389 et
720 2328 899 2412 longiores,
917 2325 1128 2398 subdisticbi,
1160 2320 1268 2384 ultimi
1288 2321 1371 2384 iere

225 2421 369 2483 teretes,
400 2409 478 2470 duas
497 2424 530 2472 et
548 2409 782 2494 quod'cxcedit
797 2411 900 2475 linces
916 2412 1026 2496 longi,
1058 2411 1144 2472 bene
1163 2403 1291 2469 evoluti
1316 2407 1371 2468 bi-

224 2491 329 2567 furci,
353 2513 451 2576 saepe
466 2507 572 2554 sutem
589 2513 655 2556 non
669 2495 735 2556 nisi
749 2494 925 2571 bidentem,
953 2494 1053 2556 dente
1071 2508 1149 2556 tunc
1164 2488 1269 2552 altero
1292 2491 1370 2573 ple·

221 2596 361 2661 rumque
386 2577 533 2650 minore,
581 2577 655 2640 sinu
680 2578 768 2642 inter
790 2579 906 2642 dentes
928 2578 1129 2641 acutiusculo
1153 2593 1369 2656 compresso.

223 2661 246 2724 8
256 2663 457 2746 porengis
475 2662 509 2723 in
526 2661 629 2723 latere
641 2680 805 2725 remorum
819 2676 873 2725 aut
887 2662 1083 2726 ramulorum
1101 2679 1225 2744 sperus,
1250 2659 1370 2720 rarius

222 2745 408 2807 terminalis
424 2746 548 2807 iusinn
563 2745 725 2818 dentium,
756 2746 1188 2829 contexo-hemisphaerica
1205 2755 1261 2803 sut
1283 2743 1369 2804 sub·

222 2827 375 2912 globosa,
410 2831 533 2892 vertice
556 2831 726 2893 rotundatu
749 2833 801 2896 sel
822 2833 987 2896 rarissime
1008 2828 1199 2894 mucronulo
1227 2825 1369 2889 minuto

222 2924 325 2986 sucta.
379 2912 518 2974 Nucleus
540 2934 709 2996 sporsrum
737 2915 771 2975 in
797 2915 888 2979 hisce
914 2917 1099 3000 sponsugiis
1126 2922 1370 2976 contentarum

221 2993 388 3080 globosus.
433 2997 589 3077 Sporae
607 2996 867 3078 subpellucidae,
889 2999 1102 3084 pyriformes,
1125 2995 1254 3068 orales,
1277 3017 1370 3057 raro

220 3076 455 3162 's'ubglobosse‚
479 3099 536 3141 sex
551 3081 590 3143 ad
605 3094 681 3145 octo
699 3082 734 3143 in
747 3084 886 3147 bacillos
906 3084 1057 3148 radiatim
1077 3079 1255 3170 dispositos
1276 3099 1369 3142 con·

220 3174 405 3237 catenatae,
426 3163 607 3228 minoribus
626 3164 851 3231 inferioribus.

303 3243 417 3310 stultis
435 3248 541 3312 modis
559 3249 712 3312 convenit
731 3271 802 3312 cnm
823 3253 857 3315 S.
883 3249 1141 3324 cervicorni,
1164 3246 1221 3333 qni
1241 3259 1369 3311 temen

220 3329 254 3392 8.
279 3329 515 3397 Chamissoi
547 3333 684 3416 propius
717 3335 846 3398 accedit
873 3350 948 3399 ets
977 3350 1089 3398 nostro
1122 3331 1367 3414 distingiutur:

218 3412 336 3476 froom
354 3415 465 3497 plsna,
502 3418 636 3480 ramulis
653 3418 910 3483 horizontslibus
930 3417 1140 3484 subdistichis
1160 3430 1193 3480 et
1211 3413 1369 3478 fructifi-

217 3497 348 3560 catione
363 3500 543 3586 marginali.
986 3508 989 3513 ’

259 3682 285 3747 Γ
303 3599 426 3750 Crepcil
443 3604 477 3668 in
496 3604 637 3690 scopulis
654 3607 827 3671 maritimis
842 3609 886 3671 cd
898 3604 1101 3694 Soteropolin
1111 3652 1122 3686 ‚
1145 3602 1368 3672 Sebastiano·

212 3705 257 3770 po
273 3708 307 3749 tn
328 3709 364 3751 re
380 3735 388 3752 .
1087 3711 1095 3730 ·

361 3827 389 3884 9·
430 3831 808 3916 sensunoo'occus
841 3835 1198 3885 conscensum.

299 3937 333 3999 8.
356 3931 474 4000 iconds
499 3938 707 4024 cartilagines
726 3933 1016 4023 compressiuscula
1038 3939 1091 4004 sel
1112 3940 1207 4021 planu
1226 3935 1367 4004 lineari

212 4015 455 4102 bipinnetifids,
493 4023 626 4085 rsmslis
655 4011 777 4085 ultimis
807 4024 956 4087 distichis
977 4039 1031 4086 aut
1051 4021 1209 4087 tristichis
1230 4019 1367 4089 lii-vel

211 4100 381 4167 multifidis
412 4123 506 4168 secus
533 4127 696 4169 rumorum
724 4108 964 4194 longitudinem
994 4107 1131 4193 positis,
1164 4107 1366 4194 sporsngiis

212 4185 357 4268 globosis
378 4188 583 4270 pedicellatis
601 4193 636 4252 in
651 4193 795 4255 romulis.

296 4272 431 4352 Species
453 4273 576 4338 formas
596 4276 674 4338 dues
696 4277 832 4342 induens
854 4297 916 4362 pro
936 4276 1075 4340 diversis
1096 4273 1242 4347 habitas,
1269 4295 1361 4339 uno-

211 4364 311 4415 usnte
330 4355 453 4436 optimo
474 4361 730 4438 Mettensio,
760 4363 818 4448 qui
838 4357 1109 4426 fructificationes
1130 4380 1169 4423 sx
1190 4358 1357 4445 opulenta

211 4433 407 4502 collectione
429 4441 688 4507 communicetis.
