2688 4898
318 213 322 222 '
360 219 541 282 crassam.
578 217 759 288 Ccaooma,
1042 231 1127 324 ⁸279

22 395 403 478 notescompressiusculs
433 413 467 460 et
499 396 640 460 flexuosa
682 401 913 484 subauguloss,
946 403 987 464 ad
1016 402 1130 466 axillas

22 481 127 553 latiora,
152 482 202 542 rix
214 503 352 564 unquam
372 482 488 546 lineam
508 483 582 556 lata,
605 483 649 560 (si
670 485 800 566 podetia
819 483 969 546 nonnulla
987 487 1132 570 excipias

21 579 202 642 monstrosa,
232 587 435 648 compressa,
470 565 568 648 duplo
590 567 723 643 latiora,
755 571 846 654 qussi
867 569 1033 648 fasciata,)
1056 571 1132 632 sub·

20 645 116 708 stantia
140 663 249 710 tenera
267 649 484 732 cartilaginea,
508 652 593 714 sicca
612 653 717 734 rigida
743 652 881 737 fragilia,
903 654 974 716 scre
995 675 1130 736 papyra-

19 754 235 807 ceo-corneo,
279 735 469 820 plerumque
506 735 714 806 inordinatim
756 737 939 811 terebrata,
987 737 1130 800 iteratim

19 816 187 881 dichotome
215 840 360 894 ramosa3
394 819 584 902 superficies
607 822 753 882 exterior
781 821 940 904 laevigata
961 835 994 886 et
1016 823 1130 897 nitide,

18 902 112 967 colore
151 901 298 964 variabili
328 903 441 985 glauco
473 903 525 966 rel
557 904 928 980 viridi-cinerescente,
971 905 1130 969 alutaceo-

17 985 204 1048 iuscescente
226 1000 259 1049 et
285 986 513 1068 subspadicco,
548 986 672 1050 demum
696 990 853 1070 imprimis
876 986 1034 1054 sterilium
1061 1013 1130 1054 sae·

18 1069 77 1150 pius
104 1069 228 1132 intense
251 1083 421 1148 castane03
453 1083 543 1153 supet
553 1067 642 1134 ficies
665 1071 842 1136 fistularum
864 1073 1002 1136 interior
1013 1074 1129 1150 albida,
1197 1121 1200 1134 .

17 1151 118 1213 leniter
147 1169 282 1235 stuppea
311 1170 342 1217 et
371 1155 623 1217 subtementosa.
689 1158 782 1220 Remi
813 1172 986 1240 patentes,
1023 1161 1130 1220 rarius

19 1236 167 1298 divaricari
190 1253 223 1300 et
245 1239 449 1321 divergentes
467 1243 564 1324 immo
587 1237 722 1314 reflexi,
745 1241 881 1318 breves,
905 1237 1131 1316 obtusiusculi,

19 1319 133 1382 subinde
156 1321 206 1399 (in
228 1323 457 1403 speciminibus
481 1325 762 1404 decumbentibus)
786 1324 1001 1400 unilsterales,
1025 1327 1131 1390 ultimi

17 1407 116 1466 setacei
137 1407 323 1469 stellulatlm
345 1408 521 1490 spinulosi,
554 1409 683 1470 steriles
705 1410 915 1492 nigricantes.
958 1411 1131 1473 Foramina

16 1491 202 1568 pedariorum
233 1513 360 1570 sparsa,
405 1492 529 1564 oralia,
575 1493 732 1556 diametro
763 1493 891 1554 demum
926 1491 1043 1556 lineam
1076 1495 1130 1555 ad-

17 1589 175 1656 aequante,
205 1576 329 1638 rariora
351 1576 407 1656 rel,
424 1575 608 1652 crebriora,
637 1576 774 1638 subinde
802 1577 1004 1638 unilateralia
1025 1577 1131 1641 altero

17 1659 121 1736 podetii
142 1659 246 1722 latere
269 1659 497 1744 integerrimo,
519 1681 745 1743 nonnunquam
768 1661 943 1744 praecipue
969 1661 1003 1720 in
1029 1663 1131 1744 pode-

18 1741 60 1802 tiis
86 1743 251 1804 altioribus
281 1744 509 1825 gracilioribus
531 1759 572 1806 =et
595 1745 761 1808 sterilibus
792 1749 824 1824 (a
850 1745 898 1808 Cl.
928 1744 1129 1808 Sellowio

18 1823 106 1902 lactis)
139 1829 272 1890 omnino
295 1827 480 1898 deficientia
510 1827 561 1892 sel
593 1830 729 1910 sparsim
759 1843 879 1892 tantum
903 1827 1018 1903 obvia,
1050 1830 1129 1896 alias

17 1911 175 1991 praecipue
205 1912 239 1973 in
280 1913 422 1993 podetiis
445 1909 627 1974 imctil'eri's
657 1911 775 1975 crassis
802 1912 1030 1976 humilioribus
1063 1927 1129 1974 tam

18 1991 182 2076 trequentia
205 2009 238 2058 et
259 1995 357 2058 densa
379 2012 414 2058 ut
434 1998 515 2060 retis
537 2018 637 2078 poros
657 1998 801 2060 referant
822 1999 940 2079 (aeque
959 2017 996 2058 ac
1015 1997 1049 2057 in
1071 1997 1129 2061 Cl.

19 2081 214 2160 retipora),
238 2081 363 2162 podetii
383 2081 459 2143 hinc
475 2082 649 2144 substantia
669 2082 801 2145 nonnisi
822 2083 855 2142 in
879 2081 966 2142 liciis
985 2080 1128 2156 residua,

18 2165 143 2244 margine
178 2164 371 2228 foraminum
401 2161 580 2232 introrsum
610 2167 757 2230 incurro.
810 2166 1011 2250 Frequentia
1037 2165 1133 2241 ¹baec*

13 2243 188 2308 foraminum
207 2271 278 2312 curn
299 2250 409 2311 colore
426 2253 525 2330 magis
545 2249 640 2310 viridi
660 2270 837 2312 connexae
857 2249 1004 2316 stationis
1024 2248 1128 2310 humi-

10 2327 95 2394 ditate
116 2333 262 2414 peuderc
284 2334 423 2398 videtur.
474 2334 578 2400 Villos
602 2334 715 2417 nigros
736 2357 753 2395 a
776 2334 859 2396 Clar.
883 2334 1063 2396 Fliirlteo
1093 2333 1128 2396 in

9 2417 90 2474 ramis
117 2417 176 2480 Cl.
211 2416 528 2480 cornicularius
569 2435 644 2480 auae
680 2418 767 2481 risos
800 2419 905 2484 nullos
934 2417 1126 2481 invenimus.

8 2499 175 2580 Apothccia
192 2523 253 2584 pro
277 2523 398 2586 genere
424 2502 614 2584 singularia,
647 2502 780 2575 minuta,
807 2501 1055 2584 punctiformia,
1086 2503 1126 2563 ab

8 2585 141 2664 apicibus
173 2589 368 2648 ramulorum
409 2581 570 2658 sterilium
607 2587 711 2670 nigris
743 2586 828 2656 bene
863 2601 969 2647 tamen
1010 2586 1128 2652 distin·

8 2669 139 2750 guarda,
171 2670 209 2730 ad
232 2671 350 2732 lentem
372 2670 533 2753 discigera
555 2671 665 2732 subtus
684 2670 847 2732 obconica
866 2673 961 2751 s'upra
985 2668 1127 2751 planius·

8 2753 64 2813 cula
86 2755 236 2836 margine
260 2754 360 2837 magis
380 2754 523 2823 minusve
544 2755 770 2837 prominente,
802 2755 835 2815 in
854 2751 1000 2836 apicibus
1020 2773 1125 2814 ramu-

8 2835 95 2898 lorum
127 2854 330 2900 setaceorum
354 2839 517 2913 solitaria,
549 2837 592 2900 ob
618 2839 813 2908 ramulorum
842 2838 1020 2906 eorundem
1045 2858 1125 2899 vere

8 2923 189 2984 brevitatem
213 2936 245 2985 et
270 2923 467 3004 positionem
491 2923 645 2984 stellatam
668 2924 761 2996 bina,
794 2924 961 2999 (antennas
984 2923 1126 2983 insecto-

8 3025 64 3076 rum
82 3022 165 3070 tunc
195 3021 306 3068 exacte
334 3005 510 3084 referunt)
542 3022 633 3068 terna
661 3008 700 3068 ad
726 3006 874 3068 duodena
897 3021 1067 3090 aggregata
1091 3007 1125 3066 in

8 3093 167 3172 :apitulum
188 3091 302 3173 capitis
323 3091 464 3152 aciculae
485 3091 725 3174 magnitudine,
756 3091 805 3151 his
833 3091 983 3172 capitulis
1006 3092 1125 3153 iterum

8 3178 87 3258 uagis
114 3176 266 3238 minusve
289 3175 517 3259 approximatis
540 3189 574 3237 et
597 3174 786 3261 corymbose
808 3176 1002 3259 aggregatis.

68 3290 200 3360 Crescit
225 3289 257 3354 in
278 3289 424 3362 Brurilia
443 3289 477 3352 in
492 3289 616 3357 'muscis
639 3301 671 3357 et
690 3287 977 3435 langermanni&
1018 3281 1130 3378 (steriff'

8 3375 46 3437 em
70 3377 159 3462 legit
187 3375 236 3439 CI.
258 3373 401 3442 Selloro:
433 3372 533 3437 Herb.
556 3373 638 3458 Reg.
665 3371 752 3437 Baro
769 3377 816 3454 .),·
850 3376 883 3436 in
909 3371 1013 3457 sylvis
1034 3395 1123 3440 mon-

7 3460 62 3524 iam
93 3459 333 3523 altissimorum
358 3457 545 3539 domairac,
574 3471 682 3521 terrae
710 3458 798 3522 intra
827 3479 953 3521 muscos
979 3457 1122 3520 insidens

8 3545 151 3624 imurtz)
160 3569 174 3626 ,·
195 3547 227 3608 in
248 3567 334 3626 noua
352 3535 531 3608 Hellandia
550 3544 595 3605 nd
613 3553 734 3616 terrum
755 3541 907 3623 (Sieber.)

66 3665 219 3727 Adnot.
267 3667 319 3724 De
350 3661 532 3743 synonymis
563 3661 689 3742 plantae
716 3673 845 3725 nostrae
873 3661 1001 3734 citatis,
1032 3659 1121 3740 cujus

8 3750 117 3830 opiam
139 3747 352 3826 speciminum
370 3748 543 3828 habemus,
567 3745 653 3806 nulla
670 3759 799 3808 manent
829 3745 947 3822 dubia;
969 3744 1123 3812 convenit
1209 3771 1212 3786 ι

8 3836 122 3894 onino
143 3851 216 3892 cam
237 3831 330 3894 icone
353 3831 543 3898 swartaii
566 3832 660 3892 citata
682 3827 821 3914 plantam
839 3830 997 3912 juniorem
1017 3827 1121 3886 minus

8 3921 30 3980 tl
59 3919 123 3980 vix
151 3916 350 3996 perforatam
381 3915 639 3985 schaounosam
662 3915 829 3976 referente
860 3918 970 3998 (quam
998 3915 1120 3972 Flor-

8 4023 85 4066 eus
121 4022 188 4060 non
222 3999 340 4060 cidisse
371 4000 518 4074 videtur,
548 4017 619 4059 oum
641 3999 754 4060 icones
784 3993 983 4062 Swartaii
1012 4015 1120 4077 neque

10 4105 173 4168 cneque
196 4084 233 4145 sd
254 4084 307 4146 cl.
333 4083 653 4165 ceratopbrllam
678 4083 861 4160 citaverit),
885 4101 944 4144 nec
965 4100 1030 4140 non
1049 4099 1121 4139 cum
1159 4143 1165 4160 Ι

8 4169 214 4252 escriptione
247 4189 340 4256 quam
369 4167 459 4231 dedit
487 4183 601 4228 auctor
638 4169 670 4227 in
705 4169 803 4230 Flora
829 4165 938 4228 indiae
966 4162 1117 4224 occidens

8 4257 71 4320 lis:
103 4253 272 4333 „Bacittar
295 4251 375 4316 dicit
396 4253 698 4340 „sesquipollicaria
722 4251 856 4320 subinde
881 4260 1032 4334 pertusa,
1056 4247 1119 4318 [t·a=·
