2656 4902
179 315 242 398 1'20
327 402 332 408 ,
507 327 702 391 emaum.
743 321 980 413 Vennonius.

188 526 242 574 tus
263 509 362 595 inque
381 495 535 571 'confinio
563 507 864 592 nigro-limitatus,
895 509 1074 592 conspicue
1094 521 1204 571 temen
1223 509 1321 574 redis·

190 595 248 658 om
277 601 458 675 expensus,
500 613 613 654 versus
635 593 791 654 -medium
824 593 1016 659 tenuissime
1046 597 1254 677 granulatus,
1292 609 1322 656 nt

107 711 110 714 ·
187 679 282 742 oculo
303 677 390 739 nudo
413 700 473 760 pro
495 677 721 760 pulverulento
743 677 880 750 habeas,
903 699 1016 740 versus
1031 677 1184 739 ambitum
1204 679 1319 741 tenuis·

185 765 283 828 simus
305 763 483 843 laevigatus
498 761 785 833 sericeo-nitidus,
808 761 1060 844 subpellucidus,
1084 763 1211 824 caesius
1229 778 1268 825 et
1278 785 1319 825 ra·

181 849 292 910 diatim
313 847 498 908 rimulosus.
542 845 707 910 Verrucae
729 846 933 920 rarissimae,
957 866 1096 930 possse,
1118 867 1232 912 versus
1260 869 1320 910 mu.

99 1007 102 1010 Ι
181 933 444 1012 diumspersae,
468 931 658 1012 depressae,
681 929 938 1011 pulverulentus.

266 1009 392 1076 Crescit‘
406 1013 438 1074 in
459 1015 579 1076 cortice
604 1012 770 1096 laevigato
789 1013 944 1075 orborum
953 1009 1198 1098 frondosarum
1219 1037 1319 1100 propa

183 1097 340 1184 Gaytdle',
371 1091 510 1177 confinis
528 1095 738 1160 Pertusnrt'ue
761 1099 940 1170 communis
956 1093 1094 1182 sormoe
1119 1099 1272 1162 normali
1294 1113 1317 1164 o!

183 1181 418 1247 lltelotremuta'
438 1181 577 1245 occulto.

192 1323 195 1333 .
262 1268 406 1330 Adnot.
429 1269 453 1327 l.
498 1267 532 1330 Si
558 1289 629 1329 cum
657 1265 844 1329 auctoribus
867 1266 1017 1347 plurimis
1038 1267 1314 1334 Variolarias

180 1373 198 1414 e
218 1352 468 1414 Pertusarie
497 1352 697 1414 communi
720 1351 873 1412 oriundas
896 1352 1071 1414 secundnm
1093 1373 1253 1416 verrucas
1275 1356 1317 1418 rel

176 1437 419 1520 immarginatas·
454 1455 633 1508 convexas,
676 1435 727 1497 vel
755 1435 945 1518 marginales
973 1436 1165 1520 distinguis,
1204 1438 1249 1499 ad
1275 1440 1315 1499 ui·

178 1521 319 1582 teriores
340 1521 398 1582 has
421 1521 472 1596 (V.
503 1541 695 1589 amaram,
725 1518 835 1599 th.)
865 1515 1314 1585 cumV.diseoidsaF1.

178 1606 276 1668 etism
307 1619 419 1666 nostre
449 1604 648 1676 reserenda,
679 1605 718 1666 ub
748 1603 803 1664 ills
834 1605 889 1680 (V.
924 1604 1164 1682 discoides)
1187 1606 1317 1668 nonnisi

54 1695 58 1706 '
120 1725 123 1734 =
178 1690 387 1773 speciminis,
419 1690 492 1750 dum
523 1681 774 1751 elssorescebant
805 1687 953 1760 soredin,
988 1702 1096 1750 uetare
1112 1689 1250 1771 juniore
1273 1692 1316 1753 di·

176 1795 287 1846 versa,
316 1773 395 1835 li'cet
416 1773 631 1834 alcharius
654 1787 797 1833 nostram
825 1773 880 1850 (V.
912 1771 1217 1853 orbiculatam)
1249 1777 1317 1840 Vs·

174 1855 383 1922 uiolariue
413 1858 576 1917 communi
608 1877 683 1918 susc
706 1847 926 1936 adscripserit.
970 1858 1050 1918 Cum
1072 1878 1149 1920 vero
1172 1859 1316 1942 plsnram

176 1941 352 2006 Acharii
373 1941 500 2002 citatum
524 1942 575 2016 (V.
600 1960 864 2014 communem,
898 1962 925 2000 a.
948 1940 1254 2018 orbiculatum)
1278 1945 1315 2006 li·

176 2038 229 2089 cet
251 2023 350 2087 thallo
383 2027 478 2086 tenui
508 2024 706 2108 designatum
724 2023 779 2100 ,sd
808 2023 944 2084 sormam
977 2026 1318 2108 pschydermati·

100 2119 105 2138 “
175 2130 263 2172 uum
287 2109 544 2190 (Endocurpi
567 2109 795 2196 ver‘ruoosi
818 2109 900 2187 sui)
934 2109 1087 2170 retulerit
1108 2109 1169 2172 cel.
1193 2112 1319 2177 Wsll·

175 2191 412 2268 rothius,*)
446 2207 556 2254 contra
587 2195 628 2255 ad
658 2192 960 2255 Parmeliarum
991 2208 1092 2256 status
1113 2193 1322 2259 deformatos

176 2279 237 2340 cel.
268 2281 357 2357 Mey
371 2298 470 2339 eros
483 2280 551 2354 ss),
582 2293 616 2342 ut
636 2291 783 2339 nostrum
800 2277 965 2358 specimen
987 2278 1168 2342 accuratius
1191 2281 1322 2344 indice·

175 2383 265 2434 mus,
303 2381 422 2422 nomen
458 2361 705 2423 Hoffmanni
743 2361 908 2443 antiquum
936 2361 1141 2424 retinuimus.
1196 2363 1322 2430 Ortum

177 2447 323 2530 ejusdem
345 2465 364 2507 e
386 2447 646 2508 Pertusaria
669 2445 847 2508 deformato
869 2443 911 2506 ob
931 2444 1026 2528 hujus
1047 2445 1225 2510 confinium
1243 2451 1322 2514 sans

135 2569 139 2588 .
175 2531 329 2594 hebemus
350 2530 532 2612 probatum.
782 2581 787 2592 .

259 2614 404 2677 Adnot.
436 2617 476 2677 ΙΙ.
527 2613 691 2674 Habemus
718 2624 890 2696 praeterea
921 2613 1086 2695 specimen
1105 2614 1144 2676 ud
1167 2615 1324 2682 Verio-

174 2699 323 2762 lsriam
346 2697 612 2772 discoideam
634 2698 689 2759 Flv
713 2698 941 2771 referendum,
973 2699 1084 2761 colore
1115 2720 1195 2762 vero
1226 2701 1324 2765 thalli

96 2827 102 2838 ·
175 2784 339 2846 exteriore
362 2784 493 2844 sordide
516 2782 615 2844 viridi
638 2795 670 2844 et
689 2782 888 2857 latescente,
921 2783 1054 2845 omnino
1077 2783 1133 2868 qui
1154 2785 1273 2848 Licb
1288 2809 1323 2848 e·

174 2869 242 2930 nis
263 2867 450 2948 saginei,
477 2863 579 2948 Engl.
610 2865 682 2937 bot,
710 2863 856 2940 Vol-24.
885 2863 952 2930 tob'.
984 2867 1091 2945 1713„
1126 2867 1166 2928 ub
1190 2871 1326 2934 Acha-

174 2953 242 3012 rio
266 2951 305 3012 ed
327 2952 366 3013 V.
389 2968 561 3012 amaram
587 2972 679 3012 ‘susm
701 2951 817 3011 citati„
847 2949 953 3011 Thalli
976 2950 1148 3013 substantie
1173 2954 1309 3018 iuterio

175 3033 283 3096 albida
305 3053 386 3116 quae
408 3035 442 3094 in
462 3036 609 3096 verrucis
632 3054 657 3094 e.
673 3034 849 3096 substantia
871 3035 1018 3097 corticali
1042 3037 1214 3118 disrupta,
1242 3039 1307 3100 hin
1317 3078 1327 3091 ν

175 3117 215 3179 sd
243 3117 395 3180 ambitum
428 3119 615 3196 (vomuisse)
642 3116 780 3191 reflexa,
813 3118 960 3180 oriundis
992 3121 1032 3181 ad
1059 3120 1166 3181 lucem
1195 3125 1292 3202 emis
1318 3172 1321 3177 .

75 3221 77 3226 ’
176 3216 234 3264 est.
278 3202 443 3266 Verrucae
465 3203 659 3286 depressae,
690 3203 907 3284 pleniusoulac
928 3223 988 3264 nec
1011 3205 1235 3286 marginatae:
1265 3211 1311 3272 Sa

173 3285 308 3368 porvix
330 3288 516 3349 amerioans.
568 3288 648 3348 Cum
680 3288 827 3353 nucleum
856 3306 920 3347 non
952 3287 1147 3364 viderimus,
1180 3311 1225 3350 an
1248 3316 1306 3375 sp

172 3370 240 3431 cies
270 3370 310 3432 ud
342 3371 632 3433 Pertussriam
669 3373 833 3451 pertineat
858 3391 918 3432 neu
948 3393 1033 3445 non,
1075 3373 1127 3436 vix
1154 3374 1321 3438 decides

172 3454 324 3517 susimus.
369 3453 452 3532 (Cir.
472 3456 582 3518 -etiam
612 3455 757 3518 adnotata
795 3457 834 3516 sd
864 3455 1092 3540 Diorygmu
1120 3464 1312 3544 grumm'

172 3538 248 3617 tis,
269 3559 370 3622 supro
381 3562 417 3623 p.
437 3540 505 3623 67.)

465 3739 472 3744 .
568 3685 617 3742 lx.
653 3684 909 3742 innocensus.

255 3816 398 3883 Persoon
415 3821 447 3884 in
468 3819 593 3898 Usteri,
615 3820 708 3882 Anu.
729 3821 761 3882 d.
782 3817 858 3878 Bor.
876 3815 922 3879 St.
939 3843 969 3901 7.
985 3843 1020 3904 p.
1040 3821 1089 3886 23.
1112 3815 1158 3872 -’-
1178 3824 1324 3888 Achm-

269 3979 274 3985 ι
294 3901 405 3969 Melit.
425 3941 468 3954 -
490 3903 545 3968 De
567 3904 669 3968 Cund.
684 3934 730 3952 ⁴-
761 3900 934 3966 Wolsleub.
954 3939 957 3948 ι

252 4011 342 4076 Icon.
370 4011 428 4074 rel.
454 4023 607 4098 eryplog.
635 4011 701 4074 tob.
733 4035 762 4094 7.
785 4003 851 4094 fig.
882 4034 912 4093 7.
946 4009 1013 4073 tob.
1040 4021 1069 4080 8.
1093 4005 1161 4097 fig.
1196 4021 1319 4082 ι-,5

294 4097 362 4161 tob.
383 4119 429 4161 ro.
443 4089 510 4182 fig.
534 4109 564 4180 4.
902 4182 904 4188 Α

250 4205 447 4280 Verruesrin
465 4218 498 4268 et
517 4203 693 4285 Pyreuuls,
709 4202 802 4266 Acis.
821 4197 1018 4286 Liclaenogr.
1043 4202 1131 4268 unio.
1168 4206 1310 4272 Limbo
