2760 4922
190 331 233 400 40
516 325 646 386 Aneau.
689 321 986 382 sarissas-occu.

195 510 328 576 tertiam
347 507 481 572 circites
494 505 601 568 lineae
618 519 743 586 partem
763 522 890 578 crassa,
920 500 998 564 inde
1014 501 1116 564 divisa
1133 501 1171 564 in
1186 521 1332 566 ramos

196 597 307 681 plures
326 606 456 657 moetos
470 612 570 674 vagos
587 591 709 650 iterum
724 586 1170 669 decomposita-ramulam,
1190 585 1335 648 ramulis

196 681 354 747 teretibus
377 677 470 760 ragis
494 689 549 736 aut
569 674 782 747 subalternis,
820 672 942 732 ultimis
964 672 1110 734 bresiser
1134 668 1245 732 bifidis
1271 683 1333 732 aut

196 765 350 836 bifurcis,
381 761 531 823 cruribus
557 758 744 838 cylindricis
768 758 870 817 acutis
892 756 995 816 rectis
1021 769 1076 818 aut
1099 753 1337 822 subflcxuosis,

197 845 433 935 Sporangia
458 841 654 925 subglobosa
672 855 725 903 aut
743 840 1003 922 hemisphaerica
1027 861 1088 921 per
1109 853 1209 901 totam
1233 838 1333 900 iron-

68 927 78 942 ’
197 938 272 999 (lem
290 931 405 1004 obsis,
435 941 576 990 attamen
595 927 630 987 in
648 925 782 987 ramulis
807 924 1031 1007 superioribus
1048 922 1149 985 multo
1169 923 1335 1006 [requen-

196 1021 302 1091 tiore,
322 1011 478 1100 sessilis,
504 1012 611 1072 rarlns
626 1010 770 1072 solitaria
786 1022 841 1070 aut
861 1009 990 1091 gemina
1007 1007 1199 1093 plerumque
1220 1020 1335 1082 terna,

198 1121 319 1167 nauca
336 1117 372 1158 se
389 1098 533 1158 invicem
553 1095 722 1167 distincta,
757 1113 843 1154 nuuc
865 1090 1062 1156 confluentia
1082 1107 1116 1154 et
1136 1092 1230 1176 qussi
1253 1112 1338 1173 spo-

198 1185 348 1270 mgium
370 1182 502 1242 unicum
525 1177 644 1240 bi-aut
664 1178 822 1240 trilobnm
848 1177 1089 1258 constituentis.
1149 1174 1338 1238 Nucleus

199 1271 344 1334 inclusus
361 1264 596 1348 subglobosus,
619 1275 770 1324 constans
787 1259 934 1343 sporis¹
944 1260 1171 1323 minutissimis
1187 1260 1340 1344 gelatina

140 1386 143 1396 ·
202 1351 359 1418 involutis
386 1363 484 1436 atque
507 1348 699 1430 plerumque
727 1347 762 1407 in
785 1346 922 1407 bacillos
948 1347 1089 1407 seriatis.
1145 1346 1340 1408 Substantia

202 1435 421 1520 cartilaginea.
475 1430 577 1494 Color
596 1449 833 1513 purpurasccns
854 1443 909 1491 aut
929 1429 1339 1512 purpurascenti-roseus,

201 1517 434 1586 marcescentis
452 1535 472 1576 e
492 1513 683 1580 flavescenti
701 1529 735 1577 et
749 1517 999 1596 purpurascenti
1014 1513 1121 1578 ruins
1141 1528 1196 1576 aut
1212 1511 1339 1578 llares·

205 1603 436 1671 senti-tuscus
451 1600 609 1663 fulvusse.

285 1708 326 1774 In
346 1705 477 1768 Oceano
503 1725 564 1766 ora
588 1701 756 1766 Brasiliae
781 1703 1001 1768 meridionali}
1028 1701 1187 1766 alluenti.-
1218 1699 1337 1764 Illust.

83 1859 88 1876 ,
200 1790 459 1857 Maeimittanns
476 1786 590 1853 Princ.
612 1787 802 1868 Woedennlr,
823 1787 866 1851 cl.
881 1785 1088 1874 Rnlcnlump
1101 1799 1133 1850 et
1148 1784 1339 1868 Scltrllder3

203 1879 245 1942 cl.
265 1874 421 1941 Mertens
439 1871 701 1934 communicavit.

337 2017 381 2068 15·
414 2015 794 2065 SPHAEROGOGGUS
828 2014 1190 2064 COHERVOIDES·

223 2119 238 2146 ¹
289 2124 324 2185 S.
346 2119 465 2184 fronde
485 2119 692 2203 cartilagines
714 2118 810 2181 tereti
830 2117 979 2183 fililormi
999 2141 1078 2204 vage
1096 2139 1243 2190 ramosa,
1288 2141 1345 2180 rs·

204 2205 267 2268 mis
289 2205 448 2288 elongatis
469 2202 679 2269 subindivisis
701 2203 817 2266 obsitis
835 2204 967 2264 ramulis
989 2205 1141 2288 utrinque
1160 2206 1344 2268 attenuatis

206 2291 327 2372 sparsis
345 2287 550 2371 patentibus,
595 2288 780 2373 sporangiis
798 2287 1006 2372 subglobosis
1025 2287 1191 2351 sessilibus
1211 2287 1344 2374 ubique

206 2395 268 2458 per
287 2373 422 2438 tballum
445 2373 577 2457 sparsis.
1161 2413 1166 2418 .

291 2480 362 2623 Ag.
376 2476 472 2626 grae}
485 2475 558 2621 303¹.
580 2474 670 2560 Syst.
688 2476 761 2543 232.
787 2473 1091 2554 ann.ls1st.t.84.
1113 2473 1246 2542 Stacltls.
1258 2476 1347 2542 Ner.

350 2607 360 2625 .
399 2607 408 2626 .
472 2585 520 2646 sp.
552 2581 633 2644 ⁰9²·
931 2593 937 2602 ·

290 2670 412 2734 nasis
442 2669 626 2743 discoidea,
669 2665 801 2733 callosa.
856 2667 1043 2732 Frondes
1071 2667 1148 2731 inde
1176 2667 1349 2752 prodeunt

130 2762 134 2773 '
208 2752 399 2840 plerumque
413 2755 543 2838 plures,
566 2765 704 2828 teretes,
726 2752 914 2827 lllilormes,
942 2752 1173 2834 semipedales,
1204 2754 1349 2835 pedales

210 2850 245 2900 et
267 2838 454 2923 longiores,
493 2839 565 2902 basi
585 2857 711 2921 pennae
735 2837 887 2900 corvinae
914 2838 1080 2908 crassitie,
1123 2839 1216 2920 spice
1239 2840 1349 2924 longe

211 2920 394 2998 tabulatae,
416 2942 497 3005 vage
510 2941 673 2997 ramosae,
696 2922 821 2983 ramis
837 2923 1002 3004 primariis
1019 2921 1229 2984 subindivisis
1248 2923 1350 2986 elon·

212 3007 297 3088 gatis
310 3006 494 3088 patentibus
511 3005 559 3066 uti
574 3019 706 3070 trancas
722 3005 898 3087 primarius
911 3004 982 3066 basi
999 3007 1138 3088 etapice
1153 3009 1348 3084 attenuatis,

213 3089 333 3171 passim
351 3090 494 3152 obsessis
510 3090 641 3150 ramulis
656 3108 743 3150 nunc
758 3089 966 3151 subsecundis
982 3110 1067 3150 nunc
1082 3090 1240 3153 confertis
1257 3112 1354 3154 nunc

214 3173 475 3320 ἱὲἶῗῗιξῗῖἶὲἔ
485 3172 1354 3322 :lllllltt‘ltttlffl''tillet‘':tt³⁸

217 3278 468 3438 sparssztarcts
487 3278 679 3424 gongyglis
700 3279 1099 3427 i'rrtigulsriterjellipticis
1117 3357 1170 3404 aut
1189 3283 1355 3428 oblotilgib

216 3445 312 3487 muco
328 3426 446 3488 canetis
461 3445 521 3508 per
533 3444 650 3507 porum
661 3426 864 3490 terminalem
880 3428 1011 3489 tandem
1026 3427 1220 3491 eructandis.
1243 3430 1357 3494 Color

218 3529 455 3654 pfflrpursrcans
486 3525 540 3572 snt
571 3507 905 3586 viridi-violaceam
945 3513 1175 3578 marcescentis
1214 3513 1358 3578 tondens

219 3612 236 3653 a
271 3613 369 3656 scens.

301 3694 342 3760 In
362 3694 492 3760 Oceano
509 3692 689 3760 Brasilium
705 3699 950 3764 meridionalem
968 3698 1117 3766 alluenti.
1226 3758 1229 3768 .

391 3836 433 3888 16·
468 3839 850 3890 SPHAEROOOCCUS
883 3844 1176 3893 santconnts.

303 3927 336 3989 S.
360 3925 475 3988 fronde
493 3927 677 4000 articulata,
700 3930 844 3993 articulis
864 3931 995 3996 clavatis
1015 3930 1193 4012 prolil'aris-
1236 3927 1359 3998 Mert.

220 4006 328 4094 Mspt.
351 4009 418 4094 Ag.
438 4005 528 4092 Spes.
547 4006 574 4072 I.
591 4011 664 4075 303.
686 4009 777 4098 Ssst.
793 4015 865 4078 sla.
888 4010 979 4076 Icon.
998 4013 1081 4100 Atg.
1099 4026 1124 4080 t.
1143 4019 1173 4080 8.

304 4110 497 4180 Frondes
515 4117 753 4202 cartilaginosa,
776 4137 982 4206 aggregatae,
1012 4123 1170 4204 palmares
1185 4122 1236 4188 vel
1254 4123 1363 4202 ultra,

222 4201 368 4264 articulis
385 4200 564 4265 uncialibus
580 4204 757 4268 teretibus.
798 4206 909 4268 ebasi
933 4207 1121 4270 tenuissima
1149 4207 1274 4270 sensim
1303 4210 1362 4272 in·

222 4287 370 4348 crassaris
389 4301 422 4348 et
438 4286 482 4347 ita
499 4285 649 4360 clavatis,
684 4289 778 4369 apice
792 4292 952 4354 excavatis
971 4305 1004 4355 et
1023 4313 1042 4353 e
1066 4305 1180 4354 centro
1199 4293 1364 4357 emitten-

222 4367 307 4430 tibus
333 4368 414 4430 duos
439 4369 480 4430 ad
504 4377 643 4455 quituor
667 4393 769 4436 novos
795 4374 949 4439 articulos
975 4375 1188 4446 inferioribus
1212 4377 1364 4452 similes,

222 4471 391 4534 supremos
403 4473 498 4536 saepe
510 4456 687 4534 breviores,
709 4456 901 4546 plerumque
916 4461 1076 4546 geminos,
1099 4459 1201 4526 altero
1215 4461 1359 4526 minori.
