2688 4898
389 242 569 303 Lronuuua.
609 245 792 312 Cuiuoun,
972 291 982 298 -
1093 249 1156 312 281

284 323 296 352 J

42 421 377 504 crispato-crenulatla
404 421 508 481 rarius
538 421 738 484 denticulatis
767 423 901 485 subinde
930 425 1046 486 lterum
1073 423 1156 487 incl·

42 509 98 580 ais,
129 506 270 588 margine
292 505 368 567 hinc
398 504 474 566 inde
496 505 580 565 ciliis
604 505 683 566 albia
712 507 965 570 aubfaac'uculatis
988 508 1155 575 distincto.

41 591 166 650 Podetia
189 612 207 652 e
230 591 345 672 pagina
367 593 536 670 superlore
560 588 707 650 lohorum
730 591 881 662 oriunda,
912 593 1061 673 copiosa,
1093 591 1156 653 fili·

39 674 158 742 sormia,
182 687 351 747 attenuata,
375 675 526 745 subulata,
550 691 706 733 cornuum
725 674 802 736 bovi
827 675 865 734 ad
887 676 986 736 inatar
1008 689 1154 756 curvatur
1204 716 1207 725 =

39 759 197 840 inpriore
220 760 294 819 loco
317 759 412 819 natali
439 757 717 829 1-a-liuea1·ia,
751 759 927 840 laevigata,
958 759 1057 820 thallo
1080 760 1154 819 sub·

40 843 202 902 concolora
230 863 290 904 nec
308 841 371 902 nisi
394 841 433 902 ad
454 842 654 920 ariperiorcm
678 855 801 920 partem
821 844 1008 916 albicantia,
1031 844 1153 924 simpli-

41 927 82 986 cia
113 928 258 1000 (unicum
290 937 409 985 tantum
445 925 609 1006 podetinm
645 927 796 986 emittens
828 928 1017 1000 ramulum),
1061 928 1153 1008 apice
1186 916 1192 928 ’

40 1010 165 1072 subinde
195 1009 393 1074 rufeacentia
418 1009 469 1070 vol
492 1009 682 1088 cephalodio
706 1011 837 1070 minimo
859 1011 911 1072 vix
933 1012 995 1072 nisi
1017 1011 1055 1072 ad
1085 1014 1152 1073 len·

23 1109 92 1180 'tem
108 1097 287 1174 conspicuo
303 1092 502 1155 ruso-fusco
522 1092 685 1171 praedita3
709 1094 740 1152 in
759 1091 859 1154 'altero
882 1095 956 1155 loco
978 1095 1074 1155 natali
1096 1117 1152 1177 pa·
1235 1149 1240 1156 .

40 1199 98 1236 rum
118 1178 285 1259 longiora,
321 1197 337 1244 a
361 1177 429 1238 basi
452 1176 491 1236 ad
512 1178 636 1254 apicem
660 1199 759 1259 noque
782 1178 1151 1260 albicio-pulverulenta,

45 1263 134 1322 rarius
158 1261 301 1345 granulis
322 1261 550 1342 nonnullisque
574 1262 747 1342 aquamulis
767 1263 909 1324 minimis
931 1263 1056 1328 vestite·
1141 1283 1153 1319 t

111 1397 230 1462 Crescit
257 1404 291 1458 in
322 1395 467 1457 Brasilia
495 1397 550 1474 (de
579 1393 725 1476 lllnrl.)3
758 1397 790 1458 in
821 1397 916 1462 Brea.
946 1399 1151 1461 meridionul'

38 1479 181 1562 (Sellow‚
204 1481 304 1546 Herb.
326 1480 409 1564 Reg.
433 1479 581 1560 Berol.),·
604 1479 635 1540 in
664 1481 827 1543 ultissimis
844 1483 1007 1544 montibus
1027 1482 1150 1544 Jamei-

38 1589 86 1636 cue
116 1567 162 1628 ud
193 1579 315 1630 terrum
350 1567 544 1644 (Smartz),·
581 1565 612 1624 in
647 1565 803 1628 rumorosis
829 1589 931 1648 prope
961 1565 1149 1648 speluncam

41 1650 216 1714 Cuclaiuuno
247 1649 440 1712 Provinciae
468 1646 696 1726 Cumuuencic,
718 1661 747 1710 et
762 1650 806 1710 in
827 1650 931 1734 sylvia
954 1649 1149 1732 Cinclrunae,

36 1757 125 1821 prope
146 1733 278 1816 Locum
303 1733 560 1796 Peruoiunorum
581 1732 666 1794 altit.
693 1755 771 1797 auno
790 1733 906 1818 hexup.
937 1732 1084 1816 Humb.).

108 1876 250 1939 Adnot.
292 1877 320 1936 E
357 1873 453 1935 thallo
493 1873 623 1958 quidem
660 1873 886 1936 Cladoniaa
921 1871 1047 1956 apecie'a
1079 1895 1145 1939 nou

39 1975 115 2023 carte
134 1961 273 2022 indicari
294 1972 420 2038 pateat,
444 1971 477 2019 et
494 1958 600 2018 variae
620 1977 700 2040 quae
718 1960 847 2020 nornine
863 1960 963 2021 citato
984 1960 1146 2042 descripta

42 2059 102 2105 aunt
126 2045 321 2126 specimina,
353 2041 392 2102 ad
418 2042 670 2122 variae-species
699 2043 863 2123 pertinere
890 2058 1041 2126 possunt3
1072 2064 1145 2106 cum

41 2149 106 2189 vero
128 2142 235 2191 nostra
260 2147 331 2187 cum
355 2125 451 2186 icone
477 2126 675 2187 Swartzii
703 2129 843 2189 exactius
865 2129 1079 2201 conveniant,
1111 2140 1145 2190 et

38 2211 67 2270 ni
91 2199 241 2284 fallimur,
263 2212 346 2270 intra
361 2210 507 2289 tropicos
526 2209 705 2290 specierum
717 2233 869 2272 numerus
888 2227 934 2273 sat
946 2213 1078 2294 exignus
1097 2212 1143 2274 vi·

33 2295 146 2372 deutur,
168 2317 239 2359 curn
256 2295 328 2356 dein
341 2292 516 2375 specimina
536 2315 551 2352 a
565 2292 613 2361 Cl.
626 2293 665 2353 de
678 2296 831 2355 Martio
854 2296 937 2356 lecta
949 2315 1047 2378 pauca
1060 2316 1142 2379 quae

30 2395 93 2440 aunt
111 2380 289 2463 caespitulo
309 2377 430 2460 speciei
441 2376 663 2458 praecedentia
684 2377 879 2451 inhaereant,
902 2382 1000 2454 <nexu
1012 2381 1143 2463 quidem

29 2467 108 2527 nullo
138 2467 223 2528 inter
245 2464 412 2546 utriusque
441 2461 563 2542 speciei
588 2462 762 2540 specimina
795 2465 998 2540 observato),
1035 2463 1141 2545 planta

27 2570 149 2634 quoque
176 2547 368 2611 Swartzii
406 2545 440 2606 in
473 2545 587 2606 iisdem
614 2545 710 2610 lociia
736 2567 806 2606 curn
828 2546 1141 2628 Cl.'aggregata

23 2631 99 2732 lpcta
110 2636 165 2708 sit,
186 2634 310 2696 demum
321 2653 390 2692 cum
407 2629 500 2710 hujus
519 2629 711 2710 posterioris
722 2629 852 2690 thallum
870 2651 964 2690 nemo
975 2631 1139 2713 hueusque
1176 2637 1177 2647 ¹

21 2719 163 2793 viderit,
179 2715 353 2799 suspicatio
376 2714 481 2775 oritur
500 2726 666 2794 utramque
687 2714 827 2856 speciem
851 2715 1139 2774 Swartaianam

24 2823 98 2884 quae
125 2802 236 2864 colore
256 2800 332 2862 satia
350 2797 555 2870 conveniunt,
580 2797 618 2856 ad
636 2819 696 2857 una
746 2800 941 2882 eandemque
959 2797 1147 2880 pertinere.=

21 2888 54 2950 ld
87 2887 202 2949 saltem
243 2898 373 2946 naturae
416 2881 619 2965 adaequatiua
655 2881 798 2956 videtur,
842 2903 933 2966 quam
965 2882 1139 2943 secundum

18 2970 240 3034 Fliirlteum
270 2969 453 3045 (comment.
484 2985 580 3030 noua,
608 2987 643 3044 p.
666 2965 733 3042 68.)
765 2965 958 3048 subjungere
981 2966 1137 3032 Clade·

17 3055 104 3120 uiae
140 3053 353 3136 pyxidatae
392 3048 563 3132 plantulam
603 3051 796 3112 Swartzii
828 3051 1005 3132 insignem,
1043 3069 1135 3132 quae,

16 3140 41 3200 ai
62 3139 234 3222 indigenae
257 3134 480 3218 perspicimus,
503 3134 653 3216 proprior
677 3135 731 3194 cl.
759 3134 963 3196 alcicorni
985 3133 1036 3196 vel
1054 3133 1137 3214 ejua·
1206 3201 1208 3210 ,

17 3221 79 3284 iem
109 3221 259 3290 varietati
290 3218 617 3281 endiriaefoliae
647 3217 930 3296 accedit‘anteaa
956 3216 1135 3280 Florlieo

17 3305 79 3388 lpao
123 3303 233 3384 (Berl.
275 3299 415 3384 Muguz.
442 3299 469 3362 1.
508 3303 596 3378 1807.
633 3321 668 3382 p.
699 3303 785 3379 aaa.)
818 3316 851 3362 et
886 3302 923 3362 ab
954 3302 1166 3368 richario.

17 3390 137 3464 [Metu.
156 3387 229 3449 liuh.
249 3410 283 3470 p.
300 3387 389 3463 352.)
408 3385 596 3450 adsectatae.
621 3387 792 3446 Caeterum
812 3385 1011 3448 alcharius
1058 3387 1135 3448 ode·

18 3478 154 3538 indicit
177 3470 432 3554 apicerubella‚
470 3469 771 3530 Fliirlieusvero
794 3469 872 3531 olim
902 3459 1009 3544 [Berl.
1077 3490 1131 3552 ug.

17 3564 97 3641 .c.)
131 3556 329 3640 cephaludiia
362 3553 459 3615 1-3
491 3553 593 3633 nigria
630 3553 797 3634 praedita,
847 3573 933 3616 nunc
963 3553 1133 3632 (comment
1174 3601 1178 3611 ,
1237 3627 1247 3640 x

17 3665 89 3707 :ova
114 3641 137 3704 l.
162 3650 206 3721 c.)
229 3641 320 3725 apice
343 3639 445 3702 dilute
465 3637 565 3702 fusca.

290 3885 532 3943 ousunvauto
561 3883 842 3941 cucullarium.

85 4047 263 4126 Supereat,
293 4041 466 4102 utasor'mas
489 4038 629 4120 singulae
653 4037 855 4114 systematica
881 4035 1058 4114 descriptae
1079 4053 1132 4096 or·

17 4129 77 4191 ine
95 4121 314 4210 geographico
335 4145 548 4206 exponamur,
581 4122 695 4184 exinde
713 4123 873 4183 lichenum
893 4117 1133 4181 brasilienainm

17 4216 145 4276 idolem
165 4225 198 4272 et
215 4211 333 4272 faciem
353 4206 565 4270 universalem
583 4205 772 4288 indagemus,
791 4223 927 4285 eumque
946 4203 1017 4263 aliia
1042 4201 1131 4267 urbia
1180 4273 1181 4280 ,

17 4317 163 4362 iri-arum
180 4295 325 4378 partibus
341 4293 555 4368 conferamus.
585 4291 680 4350 Licet
699 4310 779 4352 vero
795 4287 977 4370 specierum
989 4287 1132 4370 descrip-
