2688 4898
344 272 524 340 Laconum.
555 278 743 342 Pannonis.
908 231 913 240 =
1046 289 1107 354 228

75 458 190 524 Crescit
210 456 255 518 cd
279 419 429 519 curticem
458 455 612 518 orborum
626 453 790 542 frequens
810 457 843 520 in
872 460 973 522 curiis
993 457 1106 526 Brasi-

12 549 57 610 liuc
75 542 253 629 regionibus
273 541 329 622 (dc
350 537 460 602 Mart.
482 551 513 602 et
532 543 642 604 Scrcn.
665 538 773 602 Priuc.
797 541 1019 624 Neuuidens).'

73 692 210 756 Adnot.
240 690 352 752 Planta
373 687 494 752 sterilis
515 706 624 754 nostra
647 689 876 772 speciminibus
894 710 934 754 ex
953 692 1106 760 herbario

9 775 158 842 dcharii
181 773 219 834 ad
242 794 335 837 ovum
357 795 419 837 ove
441 772 573 850 similis3
601 774 769 840 fructifera
792 795 885 846 uero,
904 777 984 838 licet
1005 777 1104 843 thallo

10 863 125 945 gaudeat
152 859 286 932 eodem,
319 854 357 918 ab
387 857 485 918 icona,
505 859 693 920 Swart'zii
723 859 948 942 aliquantulum
977 860 1106 942 differts

7 946 82 1026 hujus
97 944 173 1005 enim
189 941 338 1004 scutellae
354 939 451 1022 longe
466 941 549 1022 infra
563 943 756 1004 ramulorum
773 943 898 1024 apicem
911 943 1057 1008 laterales
1074 961 1108 1010 et

9 1028 166 1099 verticulas,
185 1033 247 1087 nec
268 1038 303 1087 ut
319 1039 456 1096 nostrae,
479 1024 694 1088 horizontales
712 1039 744 1087 et
757 1027 1012 1104 subterminaleo,
1031 1032 1108 1092 dein

9 1115 132 1195 margine
149 1111 250 1170 nudae
271 1129 332 1170 nec
353 1109 479 1171 ciliatae
501 1122 583 1169 sunt.
626 1109 774 1169 Priorem
793 1131 870 1173 vero
893 1110 1107 1176 differentiam

10 1220 63 1259 non
91 1207 281 1258 constantem
304 1212 405 1266 esse,
436 1212 454 1252 e
482 1191 700 1274 descriptione
729 1207 838 1256 nostra
866 1205 977 1276 'putet3
1003 1193 1107 1260 ‘cilius

11 1283 72 1360 dein
89 1277 178 1340 facile
206 1269 354 1340 deciduas
377 1295 448 1337 essa
470 1277 521 1338 vel
544 1278 673 1339 omnino
696 1275 827 1351 deesse,
862 1279 948 1362 quod
969 1299 1009 1341 nc
1038 1281 1108 1364 qui-

11 1363 70 1424 dem
86 1384 140 1445 pro
162 1361 313 1425 uarietate
342 1359 494 1441 distingui
522 1369 646 1441 potest,
680 1360 831 1422 varietate
855 1359 1029 1424 domestica
1051 1364 1107 1430 de-

10 1460 181 1508 monstratur
202 1444 324 1527 speciei
344 1458 487 1517 nostrae,
511 1443 660 1505 nimirum
680 1447 859 1506 Borrera
882 1447 1029 1525 chryso
1037 1445 1107 1528 ph-

11 1531 140 1592 thalma
162 1526 258 1602 boh..
282 1548 363 1611 quac
386 1547 459 1588 mox
480 1527 588 1589 ciliata
610 1549 684 1588 mox
706 1527 790 1588 nuda
812 1541 862 1592 eat
883 1529 1107 1606 (Platisma

12 1627 181 1677 armatum
209 1627 247 1676 ot
275 1611 532 1685 denudatum,
562 1603 683 1694 Hoffm.
707 1607 730 1671 l.
753 1613 814 1690 c),

201 1921 430 1992 stuunnrs
480 1917 790 1980 orrntnoun's.
826 1916 843 1977 †

74 2113 108 2184 Ρ.
129 2105 230 2184 thallo
257 2105 457 2184 filamontoso
482 2120 625 2202 pendulo
647 2111 793 2206 elongato
817 2121 924 2204 rigido
956 2103 1112 2203 anguloso

8 2219 153 2269 attenuato
176 2205 417 2268 subdiohotomo
440 2203 543 2266 nitido
565 2205 804 2279 cinnamomo,
826 2204 968 2269 scutellis
991 2206 1111 2287 spanaio

3 2295 100 2390 porris
131 2288 371 2364 crassiusculis,
409 2287 500 2374 disco
532 2289 893 2370 planosubsoncotore
922 2289 1111 2352 tenuissime·

3 2387 183 2461 marguuato.
472 2385 476 2398 ¹

71 2543 164 2606 Icon.
185 2537 243 2604 sel.
259 2562 293 2625 p.
316 2531 366 2604 ab.
398 2539 464 2602 tub.
488 2534 617 2648 snfig.
642 2545 671 2606 ἀ.

222 2645 241 2694 ὃ
537 2629 562 2652 ¹⁸.
606 2671 609 2678 Ι
640 2643 644 2651 ι

70 2709 202 2778 Thallus
222 2713 257 2774 in
277 2711 363 2775 binis
393 2711 622 2793 speciminibus
643 2710 764 2775 noslris
793 2708 848 2785 (ad
869 2713 968 2791 genua
991 2701 1115 2770 Alco-²

3 2802 141 2862 uriam
163 2797 256 2860 Aah.
278 2795 463 2877 pertinens)
500 2795 698 2868 lorisormis‚
728 2793 902 2876 pendulus,
934 2793 1113 2876 elongatus,

2 2885 137 2945 salmuris
160 2896 193 2944 ct
215 2881 315 2958 ultra',
346 2893 540 2956 attenuatus,
574 2877 751 2956 flexuosus,
775 2875 1114 2962 cartilagineo-indu·

3 2983 95 3042 atus,
128 2965 321 3048 angulosus,
345 2978 509 3026 contortus
533 2977 565 3026 et
587 2984 805 3046 compressus,
820 2962 887 3024 'vel
909 2961 1114 3022 dichotomus

3 3051 203 3113 ivisibnibus
225 3047 418 3132 patentibus,
438 3050 489 3109 vel
510 3067 663 3126 ramosus,
686 3046 783 3123 ramis
805 3046 932 3125 saepius
955 3044 1112 3109 divarica-

2 3139 27 3196 is
52 3133 216 3218 oppositis
245 3135 403 3214 sparsisse
429 3132 648 3216 ecquomodo
673 3132 802 3204 divisis,
834 3128 954 3190 ultimis
985 3128 1114 3209 capillo-

3 3221 76 3296 eis;
102 3209 292 3299 superficies
315 3215 423 3288 laevis,
447 3219 559 3290 nitida,
583 3215 715 3298 pulchre
738 3215 964 3285 cinnamomea,
988 3213 1116 3293 saepius

5 3305 183 3385 bangulos
202 3299 449 3384 longitudinales
474 3302 606 3362 dilutius
625 3300 784 3362 coloratos
808 3299 917 3360 striata
939 3315 1116 3378 apparens3

2 3387 147 3448 obtantia
168 3385 308 3446 interior
330 3397 480 3464 stuppea,
511 3383 643 3446 dilutius
667 3383 805 3445 colorata
836 3379 1037 3464 coporalis,
1067 3379 1116 3439 uti

2 3471 108 3545 olent,
147 3469 232 3530 intra
260 3465 356 3528 fibras
378 3467 553 3548 pellucidae
578 3467 696 3550 sparsis
716 3466 869 3527 coloratis
898 3463 1116 3525 rufo-fuscis.-

2 3555 146 3618 uutellae
178 3553 214 3612 in
244 3552 347 3631 prima·
374 3551 537 3630 juventute
559 3551 710 3633 globosae
747 3548 966 3631 magnitudine
1000 3547 1118 3629 capitis

2 3639 140 3710 tauns,
173 3635 281 3698 medio
305 3636 507 3711 umbilicataa
537 3635 623 3722 (icpn
647 3631 701 3696 cit.
725 3627 790 3712 fig.
812 3629 861 3698 II.
886 3653 915 3696 u.
942 3631 997 3710 3),
1025 3631 1118 3712 ¹ndul-

2 3743 80 3786 ›res
104 3720 475 3796 disciformes‘liberae3
498 3720 701 3803 apothecium
724 3717 933 3792 discoideum,
957 3717 996 3777 ab
1019 3716 1113 3776 initio

2 3827 129 3882 anum,
154 3805 195 3868 ad
217 3801 420 3886 superficiem
438 3804 535 3867 thallo
553 3803 686 3866 dilutius
711 3801 888 3882 coloratum
910 3799 1112 3863 carneo-fus-

2 3912 139 3966 scens,
171 3890 350 3970 marginem
372 3887 510 3970 excipuli
533 3889 650 3950 sensim
684 3897 878 3949 attenuatum
909 3884 1038 3947 tandem
1061 3883 1118 3944 adv

2 3993 144 4060 quuns3
180 3972 323 4034 e‘usdem
352 3986 484 4034 stratum
505 3973 662 4040 inferius,
696 3963 759 4032 be
789 3970 1035 4053 hypothesium,
1078 3965 1118 4026 ad

2 4061 165 4123 :tionem
188 3995 284 4122 iacile
305 4057 513 4142 perspicuum
535 4055 701 4130 obscurius
724 4055 911 4120 coloratum.
942 4051 1036 4132 (icon
1064 4047 1118 4112 cit.

2 4169 21 4206 -.
55 4139 106 4204 Il.
139 4141 187 4221 t.)

56 4317 195 4384 Crescit
217 4303 264 4380 nd'
278 4317 430 4383 arborum
454 4319 604 4386 corticem
625 4320 658 4384 in
679 4302 854 4387 Provincia
877 4311 1057 4378 Parasnsu

2 4427 128 4468 emona
162 4419 282 4468 nutam
309 4408 335 4466 lc
822 4478 826 4488 g
861 4405 901 4470 15
