2760 4922
588 255 770 316 chnssas.
797 245 980 318 camut

415 475 420 486 ι
509 403 1128 542 ε(ἷ.ἱ(;ιηι·“ιιιεΑυιιιπ.ἢ,Ι
1219 433 1236 458 ”

251 657 254 666 ,
301 594 360 658 Gr.
383 608 489 656 crusta
507 595 599 656 tenni
620 596 1180 682 subpulreralcnta‚lglanceacente,
1207 596 1321 678 apothe-

216 675 280 741 eiis
298 677 476 740 linearibus
496 679 704 741 rectiusc'ulis
735 681 936 763 simplicibus
964 682 1042 742 atris
1071 701 1210 765 superne
1238 681 1322 741 utrin-

217 783 282 849 que
300 763 482 846 appendice
498 761 722 845 longitudinali
742 765 1095 860 elevato-marginatis.

216 913 221 920 .
300 867 392 932 leona
411 865 468 930 sel.
491 869 731 954 cryptog..tab.
752 893 784 952 7.
799 857 873 954 fig.¹
894 895 920 933 ι.

301 975 520 1038 Perithecium
537 979 629 1062 quasi
646 1000 665 1041 e
681 979 784 1040 tribus
800 978 989 1062 pluribusve
1007 976 1241 1060 compositum,
1261 994 1322 1057 quo

215 1082 287 1123 rum
306 1060 451 1123 lateralia
472 1080 659 1143 compressa
680 1064 788 1126 medio
808 1064 921 1146 majori
943 1062 1096 1146 utrinque
1116 1082 1176 1142 pro
1198 1059 1321 1140 margine

217 1145 381 1228 duplicato
409 1143 619 1226 adglutinata,
647 1148 733 1209 intus
764 1169 841 1209 vero
869 1166 970 1220 casa,
1007 1146 1155 1207 abortire
1183 1145 1322 1214 videntur,

217 1230 322 1314 qualis
344 1227 588 1290 deformationis
611 1251 818 1316 progressum
839 1233 872 1293 in
895 1235 1153 1312 Pyrenastro
1176 1227 1266 1289 albo
1284 1226 1320 1284 in·

214 1315 266 1377 fra
287 1312 502 1376 describendo
525 1308 708 1377 distinctius
744 1315 994 1378 observavimus.
1037 1319 1150 1397 Margo
1171 1313 1245 1373 irinc
1264 1331 1324 1392 apo·

215 1397 316 1460 thecii
345 1397 496 1479 proprius
530 1398 732 1480 duplicatus,
761 1401 926 1462 exteriore
955 1398 1092 1469 altiore,
1124 1393 1323 1456 interioreri·

214 1501 299 1544 tnam
322 1481 460 1542 mediam
479 1483 683 1546 occludente.
727 1485 819 1546 Licet
846 1483 927 1545 haec
954 1497 1114 1543 structura
1137 1479 1253 1541 non'in
1272 1497 1322 1538 out·

215 1565 312 1629 nibus
343 1564 546 1641 eadem'sit,
584 1569 617 1628 in
648 1569 722 1630 aliis
750 1569 881 1631 omnino
917 1565 1066 1642 deficiat,
1107 1565 1203 1648 plane
1238 1575 1322 1622 tamen

165 1648 169 1672 ¹
217 1652 345 1713 diversa
378 1662 429 1711 est
457 1649 495 1711 ab
524 1651 580 1726 illa
612 1652 850 1735 Graphidis
885 1651 1133 1734 duplicatae
1164 1669 1257 1730 supra
1280 1645 1320 1705 de·

211 1735 379 1817 scriptae,
414 1734 536 1817 qnippe
568 1735 659 1814 cujus
688 1736 946 1817 apotheciorum
962 1753 1074 1816 margo
1102 1734 1322 1816 duplicatus,a

212 1815 392 1901 perithecii
423 1819 522 1898 partis
551 1821 731 1902 superioris
760 1821 968 1882 tenuissimae
1001 1817 1178 1880 inflexione
1214 1813 1323 1898 pendet·

213 1903 302 1966 Hinc
331 1914 365 1962 ct
392 1899 434 1980 pb
465 1901 554 1962 thalli
587 1903 878 1966 conformationem
909 1902 1069 1968 diversam
1095 1925 1164 1964 uon
1185 1897 1322 1962 dubitari·

213 2007 303 2062 naus,
325 2005 343 2046 e
365 1985 545 2064 specimine
567 1988 697 2071 quidem
718 1988 942 2050 insufficiente
965 2001 1106 2050 nostram
1130 2009 1149 2048 a
1172 1987 1250 2048 Gra
1258 1979 1324 2064 phi·

214 2069 264 2132 de
298 2068 519 2151 duplicata
556 2072 651 2133 Ach.
681 2091 744 2134 nec
779 2093 845 2134 non
879 2074 996 2134 a·Gr.
1023 2069 1220 2154 eleganti
1248 2063 1323 2129 Ach.

155 2154 158 2158 ’
214 2153 347 2236 (Engl.
375 2153 460 2214 bot.
493 2153 572 2215 tab.
609 2157 715 2232 alise.)
747 2156 969 2239 distinguere,
1011 2175 1083 2216 cum
1111 2166 1277 2236 praeterea
1301 2147 1326 2206 in

212 2239 334 2300 nostris
357 2237 440 2298 sulci
460 2238 707 2320 longitudinales
728 2241 786 2302 rix
808 2239 854 2302 adx
869 2241 991 2302 lentem
1011 2239 1194 2321 simplicem
1216 2231 1325 2313 conspi-

214 2325 270 2384 cui
291 2322 366 2384 sint.
410 2322 525 2413 Quoad
555 2323 728 2404 perithecii
749 2325 970 2406 integritatem
991 2337 1156 2406 utraque,
1195 2320 1326 2382 nimirum

215 2407 256 2469 G.
280 2404 499 2490 duplicata
521 2420 554 2467 et
576 2409 734 2480 aurita,
765 2409 933 2480 vacillant,
966 2407 1137 2469 ulterioris
1159 2428 1237 2469 vero
1258 2399 1327 2486 peri·

214 2489 322 2554 thecia
344 2511 505 2575 nunquam
525 2487 596 2553 hesi
617 2491 728 2555 hiante
749 2491 837 2565 ridi,
859 2491 1002 2576 quodie
1024 2493 1138 2574 priore
1152 2511 1264 2553 norma
1282 2497 1327 2548 cst

297 2592 419 2660 Crescit
435 2595 482 2658 ud
502 2594 658 2659 ardorum
678 2596 831 2660 corticem
847 2617 951 2680 prope
974 2593 1079 2659 Porci.
1122 2629 1128 2636 -

465 2798 512 2851 tt.
545 2806 749 2853 catenas
774 2791 1099 2876 respuerat-'l

301 2941 360 3005 Gr.
382 2953 489 3003 crusta
506 2939 661 3004 laminosa
685 2943 972 3017 caesio-cinerea,
1005 2939 1190 3024 apotheciis
1217 2929 1332 3000 lineari·

214 3023 278 3086 bus
299 3023 488 3108 gracillimis
519 3025 682 3088 immersis
710 3027 941 3111 immerginatis
970 3017 1332 3091 anfractuosa-curvatis

215 3109 388 3171 ramulosis
419 3122 452 3169 et
478 3108 1013 3189 reticulato·anastomosantibus‚
1047 3109 1233 3192 perithecio
1265 3105 1332 3164 inte·

215 3213 277 3279 gro
300 3193 463 3276 triquetro
485 3191 556 3254 basi
577 3208 671 3274 acuto
693 3217 788 3278 supra
809 3195 1079 3278 plano-concavo
1101 3194 1225 3255 clauso.

298 3299 660 3374 Thateso-usticam,
681 3301 911 3376 tenuissimus,
931 3301 1131 3384 laevigatus,
1152 3300 1187 3360 in
1200 3292 1332 3361 'confinio

212 3381 509 3467 nigro-limitatas.
551 3384 732 3465 Apothecia
771 3380 940 3447 admodum
980 3384 1176 3470 singularia,
1213 3383 1332 3450 minuta,

178 3523 187 3542 χ
213 3481 365 3550 angusta,
400 3467 659 3552 subinaequalia,
680 3469 757 3530 hinc
789 3469 865 3530 inde
895 3470 1042 3542 dilatata,
1072 3468 1247 3539 conserta,
1276 3465 1333 3556 ipse

125 3603 128 3608 .
210 3552 392 3635 ramulique
412 3553 611 3630 reticulatim
628 3567 661 3613 et
681 3553 884 3615 circinnatim
905 3565 1194 3616 anastomosantes.
1232 3551 1332 3610 secto

212 3637 391 3698 eorundem
414 3637 577 3700 verticalis
600 3638 792 3720 triangulum
810 3638 914 3700 refert
936 3636 1188 3721 aequilaterale,
1218 3629 1331 3714 augulis

212 3721 410 3796 rotundatis,
442 3721 544 3783 latere
575 3721 746 3805 superiore
777 3743 891 3805 parum
923 3741 1076 3785 concavo.
1119 3720 1248 3782 Thecas
1278 3731 1334 3775 nou

212 3805 294 3872 vidi.

301 3908 424 3972 Crescit
443 3908 476 3970 in
491 3909 646 3972 ardorum
662 3911 783 3972 cortice
791 3909 927 3993 juniore
947 3908 1110 3994 laevigato
1125 3929 1231 3992 prope
1248 3901 1336 3970 Pani,

201 3988 358 4162 ‘houſsaye‘
374 3991 607 4056 Thelotremctt'
622 4007 738 4057 caoato
755 4006 788 4057 et
811 3994 1026 4058 Verrucuriue
1052 3993 1249 4076 subopertae
1277 4005 1336 4048 eur.

240 4101 324 4144 ooo-
349 4099 456 4142 uscue.

201 4249 204 4257 ,
301 4186 449 4250 Adnot.
500 4155 635 4268 Species
663 4207 730 4248 non
761 4197 886 4246 tantum
914 4184 1100 4267 perithecio
1131 4182 1266 4246 omnino
1290 4177 1340 4236 im·

213 4289 323 4332 merso
351 4269 393 4330 ad
415 4267 562 4352 priorem
597 4271 727 4354 generis
754 4271 934 4333 sectionem
960 4269 1137 4343 accedens,
1171 4266 1229 4328 sed
1255 4263 1339 4325 etiam

217 4351 261 4418 ob
295 4351 458 4416 delectum
483 4353 586 4420 rimu
613 4355 706 4420 valde
735 4353 958 4440 degenerans,
991 4354 1160 4440 formaque
1189 4347 1341 4414 exteriore
