2688 4898
363 197 546 306 bremense.
582 243 748 308 Cenem.

366 499 441 556 xlx.
484 501 741 596 contemp.

102 632 428 814 Sytpblpebfigp.:c.'
446 683 487 700 -·
522 649 613 716 Iron.
635 649 692 716 sel.
715 659 867 738 cry-plag.
890 653 976 716 brar.
1003 673 1037 736 ρ.
1062 671 1111 735 27.
1235 748 1238 758 1

97 845 278 921 cottonius,
299 845 382 910 Hill.
402 843 526 934 Hoffm.
550 845 602 914 Η.
624 849 733 915 Germ.
751 849 881 914 Sabreb.
906 848 988 912 Gen.
1003 847 1109 934 plaut.

128 925 313 1014 Licbencgr.
336 931 424 996 unic.
446 943 476 996 et
501 931 585 1021 Syn.
606 933 662 998 De
679 933 791 1000 Cauri.
815 933 867 998 ft.
890 931 1009 998 fiune.
1028 931 1112 1014 Fae,
1187 979 1200 989 -

130 1033 208 1096 spec.
228 1015 396 1096 plurimae.
656 1053 659 1060 ·

98 1124 250 1208 lichenis,
289 1127 389 1195 Lirin.
411 1129 536 1195 Ashur.
560 1111 680 1198 Prodi.
707 1131 895 1198 Bembardi
922 1133 955 1196 in
977 1131 1110 1197 Sabrad.

126 1207 226 1279 lcum.
253 1211 428 1279 Wulslenb.
456 1239 542 1302 spec.

97 1326 272 1408 Parmeliae‚
294 1331 380 1394 Act.
401 1331 511 1395 Metlr.
533 1331 612 1398 tiela.
633 1325 760 1418 Meyer
779 1346 811 1396 et
837 1332 959 1398 Wattr.
982 1355 1070 1421 spec.

94 1441 213 1507 Cullema
235 1459 271 1511 et
291 1449 505 1534 Leptogium‚
527 1446 634 1517 Fries.
653 1449 704 1534 pl.
726 1449 808 1512 bom.

94 1557 312 1640 brumarium,
340 1561 462 1626 Wallr.

93 1673 288 1754 Geissndiae.
317 1683 445 1744 Venter.
468 1702 555 1764 spec.
666 1753 669 1770 Ι

98 1813 393 1913 Apothecium
422 1821 545 1920 junius
571 1816 843 1918 subglobosum‚
869 1819 1014 1892 demum
1039 1819 1114 1894 diss

36 1905 176 2002 arideum,
201 1917 372 2032 excipulo
398 1915 569 1992 thallode
584 1918 837 1992 scutellisormi
861 1920 997 1990 sensim
1020 1917 1111 1994 dila·

36 2013 85 2114 tato
100 2007 389 2114 hypothecioque
416 2017 556 2118 duplici
575 2031 780 2118 receptum,
819 2015 993 2090 alterutro
1014 2043 1108 2087 mar·

36 2119 158 2192 §mltum-

95 2235 281 2316 Thallus
307 2241 716 2338 corneo-gelatinosust

83 2393 211 2464 linat.
253 2402 366 2464 Genus
400 2403 545 2465 naturale
585 2402 684 2467 thallo
720 2403 900 2488 gelatinoso
940 2401 1107 2486 bucusque

28 2469 171 2546 distinctum
205 2507 293 2550 novo
345 2485 531 2550 charactere
558 2508 576 2548 a
602 2488 745 2570 partibus
765 2485 1026 2550 fructificationis
1053 2485 1107 2546 de-

26 2575 113 2640 sumo.
133 2569 293 2632 mimirum
311 2569 506 2654 hypothecis
526 2571 649 2650 duplici
670 2573 751 2656 (quc
763 2573 917 2634 convenit
932 2591 1004 2632 cum
1023 2571 1106 2631 Cla-¹
1211 2643 1213 2648 Α

26 2639 587 2724 dcnir,summ0Leeidins1·um
610 2657 747 2738 genere)
770 2653 1002 2728 stabilivimus,
1026 2673 1106 2736 quo·

26 2741 69 2786 mn
84 2730 207 2800 inferius
224 2739 261 2800 in
279 2739 426 2821 pluribus
447 2737 617 2824 speciebus
634 2739 809 2821 praecipue
828 2739 983 2800 sectionis
1001 2739 1053 2796 Le
1062 2757 1105 2818 p·
1237 2746 1239 2758 '

26 2811 95 2892 logii
115 2821 384 2888 membranaceum
409 2821 549 2886 albidum
568 2823 723 2884 sectionis
746 2843 808 2904 ope
827 2823 888 2904 jam
907 2820 1002 2884 oculo
1019 2819 1104 2882 nudo

26 2900 265 2982 respiciendum,
296 2905 329 2968 in
351 2907 432 2970 aliis·
447 2907 491 2968 ob
510 2907 652 2970 colorem
669 2907 795 2968 fuscum
815 2925 887 2968 cum
905 2918 1007 2966 stratu
1026 2925 1105 2986 apo·

26 2971 86 3060 larii
112 2993 282 3072 superiore
315 2992 561 3053 convenientem
597 2989 764 3053 difficilius
796 2989 1011 3073 detegendum
1041 3003 1101 3050 est.

27 3057 227 3142 elatrasset.
250 3071 273 3136 l.
295 3076 350 3157 c).
393 3075 553 3138 scutellae
580 3090 750 3156 praeterea
775 3076 901 3136 adultae
926 3095 991 3135 nnn
1019 3092 1101 3132 sem.
1165 3109 1168 3116 -

26 3161 57 3240 [tr
70 3153 289 3220 Parmsliae
312 3159 351 3220 ad
372 3157 500 3222 modum
524 3160 666 3241 margine
686 3161 827 3244 gaudent
847 3156 1009 3230 thallode,
1033 3175 1102 3216 sae-

26 3249 63 3290 uus
87 3259 160 3302 uero
187 3243 394 3306 Lecideac
426 3245 465 3304 ad
494 3242 639 3326 speciem
670 3244 805 3327 proprio
837 3263 876 3304 ex
905 3237 1100 3322 hypothecis

26 3311 157 3406 plurime,
182 3325 235 3388 vel
258 3327 420 3388 communi
443 3347 482 3388 ex
503 3341 641 3410 utraque
661 3328 821 3389 subtantia
836 3323 1023 3406 hypothecii
1044 3343 1100 3383 ex·

26 3403 141 3490 {tulique
156 3410 310 3474 thallodis
328 3407 529 3486 confluente,
575 3411 639 3474 uod
654 3433 694 3473 ex
708 3413 819 3472 colore
836 3409 989 3493 marginis
1006 3427 1100 3490 prac-

26 3499 75 3562 [pue
90 3490 122 3550 in
146 3493 353 3556 Mallotiis
373 3496 532 3556 albicante
552 3433 652 3557 lacile
675 3493 892 3578 cognoscitur.
935 3495 1006 3553 Hae
1029 3511 1100 3551 eae·

26 3580 57 3628 ln
77 3576 227 3638 scutellae
249 3579 401 3662 excipulo
421 3590 590 3662 praeterea
611 3578 784 3662 singulari,
823 3576 949 3658 podetii
971 3575 1009 3637 ad
1031 3575 1099 3636 lor-

26 3670 64 3714 t¹111
83 3660 183 3742 magis
204 3661 348 3724 minusve
370 3665 495 3726 elevato
518 3663 733 3746 elongatoque
754 3661 914 3739 insident,
949 3680 1013 3746 quo
1036 3662 1097 3719 ite-

26 3751 54 3796 lm
71 3745 200 3825 generis
227 3763 301 3808 cum
319 3745 511 3808 Cladcnia
533 3747 679 3844 analogia
698 3746 863 3830 probatur.

63 3853 241 3922 Cellense
263 3860 396 3943 insuper
419 3861 510 3922 thalli
534 3863 644 3926 indole
669 3859 841 3944 singulari,
874 3880 938 3922 non
964 3870 1094 3925 tantum,

26 3933 158 4016 diem,
189 3944 369 4018 subtantia,
402 3945 460 4006 sed
487 3946 585 4010 etiam
608 3961 768 4008 structura
798 3943 976 4007 acacteris
997 3939 1093 4000 liche-

26 4017 70 4079 bus
90 4025 294 4103 distinctum,
324 4029 415 4110 Algis
439 4031 549 4110 potius
567 4031 725 4114 aquaticis
750 4027 924 4111 (imprimis
947 4024 1097 4114 Nesto-⁸

26 4102 114 4170 riuis
144 4112 215 4194 ag.
239 4116 468 4178 Lemaneee
488 4115 574 4197 Ag.)
595 4117 724 4176 omniuo
746 4113 950 4175 conveniens.
992 4109 1094 4168 'l'otus

26 4189 123 4253 nirum
146 4193 264 4260 thallus
283 4198 365 4276 (non
389 4211 511 4260 tantum
531 4198 630 4260 Call.
660 4199 840 4280 pulposi,
874 4191 928 4255 sed
955 4191 1008 4251 vix
1029 4205 1095 4274 pon

26 4273 115 4338 mium
138 4281 323 4362 specierum
342 4281 428 4344 'statu
451 4297 567 4367 vegete
591 4297 663 4346 ente
679 4280 894 4358 senectutem)
921 4294 1016 4339 muco
1038 4297 1093 4338 scu
