<?xml version="1.0" encoding="UTF-8"?>
<!DOCTYPE html PUBLIC "-//W3C//DTD XHTML 1.0 Transitional//EN"
    "http://www.w3.org/TR/xhtml1/DTD/xhtml1-transitional.dtd">
<html xmlns="http://www.w3.org/1999/xhtml" xml:lang="en" lang="en">
 <head>
  <title>
</title>
<meta http-equiv="Content-Type" content="text/html;charset=utf-8" />
  <meta name='ocr-system' content='tesseract 3.04.00' />
  <meta name='ocr-capabilities' content='ocr_page ocr_carea ocr_par ocr_line ocrx_word'/>
</head>
<body>
  <div class='ocr_page' id='page_1' title='image "./florabrasiliens01tullgoog_0261.png"; bbox 0 0 2688 4898; ppageno 0'>
   <div class='ocr_carea' id='block_1_1' title="bbox 212 287 956 358">
    <p class='ocr_par' dir='ltr' id='par_1_1' title="bbox 212 287 956 358">
     <span class='ocr_line' id='line_1_1' title="bbox 212 287 956 358; baseline -0.011 -2"><span class='ocrx_word' id='word_1_1' title='bbox 212 289 277 356; x_wconf 73' lang='lat'>250</span> <span class='ocrx_word' id='word_1_2' title='bbox 347 318 349 322; x_wconf 60' lang='grc'>’</span> <span class='ocrx_word' id='word_1_3' title='bbox 583 287 763 358; x_wconf 66' lang='lat' dir='ltr'>hossana.</span> <span class='ocrx_word' id='word_1_4' title='bbox 797 287 956 353; x_wconf 73' lang='lat' dir='ltr'>Lacteus.</span> 
     </span>
    </p>
   </div>
   <div class='ocr_carea' id='block_1_2' title="bbox 213 464 1336 948">
    <p class='ocr_par' dir='ltr' id='par_1_2' title="bbox 213 464 1336 948">
     <span class='ocr_line' id='line_1_2' title="bbox 215 464 1318 542; baseline 0.005 -15"><span class='ocrx_word' id='word_1_5' title='bbox 215 465 341 542; x_wconf 84' lang='lat' dir='ltr'>lentos,</span> <span class='ocrx_word' id='word_1_6' title='bbox 363 464 490 528; x_wconf 89' lang='lat' dir='ltr'>demum</span> <span class='ocrx_word' id='word_1_7' title='bbox 512 467 678 530; x_wconf 86' lang='lat' dir='ltr'>areolatim</span> <span class='ocrx_word' id='word_1_8' title='bbox 701 465 887 542; x_wconf 85' lang='lat' dir='ltr'>diffractos,</span> <span class='ocrx_word' id='word_1_9' title='bbox 909 468 1058 538; x_wconf 83' lang='lat' dir='ltr'>rimosus,</span> <span class='ocrx_word' id='word_1_10' title='bbox 1081 466 1198 531; x_wconf 83' lang='lat' dir='ltr'>areclis</span> <span class='ocrx_word' id='word_1_11' title='bbox 1221 470 1318 532; x_wconf 78' lang='lat' dir='ltr'>sentin</span> 
     </span>
     <span class='ocr_line' id='line_1_3' title="bbox 215 549 1336 634; baseline 0.001 -21"><span class='ocrx_word' id='word_1_12' title='bbox 215 549 438 626; x_wconf 80' lang='lat' dir='ltr'>elabentibus,</span> <span class='ocrx_word' id='word_1_13' title='bbox 482 552 601 614; x_wconf 88' lang='lat' dir='ltr'>coloris</span> <span class='ocrx_word' id='word_1_14' title='bbox 637 551 768 612; x_wconf 84' lang='lat' dir='ltr'>sordide</span> <span class='ocrx_word' id='word_1_15' title='bbox 810 551 946 617; x_wconf 80' lang='lat' dir='ltr'><strong>obscure</strong></span> <span class='ocrx_word' id='word_1_16' title='bbox 981 551 1104 613; x_wconf 87' lang='lat' dir='ltr'>viridis.</span> <span class='ocrx_word' id='word_1_17' title='bbox 1160 551 1336 634; x_wconf 59' lang='lat' dir='ltr'>Apotheoiat</span> 
     </span>
     <span class='ocr_line' id='line_1_4' title="bbox 216 634 1336 717; baseline 0.003 -23"><span class='ocrx_word' id='word_1_18' title='bbox 216 634 349 706; x_wconf 43' lang='lat' dir='ltr'>mediae,</span> <span class='ocrx_word' id='word_1_19' title='bbox 363 635 611 716; x_wconf 74' lang='lat' dir='ltr'>magnitudinis,</span> <span class='ocrx_word' id='word_1_20' title='bbox 634 635 781 717; x_wconf 89' lang='lat' dir='ltr'>adpressa</span> <span class='ocrx_word' id='word_1_21' title='bbox 804 637 925 707; x_wconf 87' lang='lat' dir='ltr'>tenuia,</span> <span class='ocrx_word' id='word_1_22' title='bbox 949 651 1060 716; x_wconf 86' lang='lat' dir='ltr'>parum</span> <span class='ocrx_word' id='word_1_23' title='bbox 1083 657 1177 716; x_wconf 85' lang='lat' dir='ltr'>supra</span> <span class='ocrx_word' id='word_1_24' title='bbox 1201 652 1336 714; x_wconf 12' lang='lat' dir='ltr'>crustam,</span> 
     </span>
     <span class='ocr_line' id='line_1_5' title="bbox 214 715 1336 832; baseline -0.001 -51"><span class='ocrx_word' id='word_1_25' title='bbox 214 719 356 790; x_wconf 82' lang='lat' dir='ltr'>elevata,</span> <span class='ocrx_word' id='word_1_26' title='bbox 394 719 516 780; x_wconf 80' lang='lat' dir='ltr'>&#39;unione</span> <span class='ocrx_word' id='word_1_27' title='bbox 539 719 736 802; x_wconf 81' lang='lat' dir='ltr'>pleniuscula</span> <span class='ocrx_word' id='word_1_28' title='bbox 766 718 885 780; x_wconf 88' lang='lat' dir='ltr'>leniter</span> <span class='ocrx_word' id='word_1_29' title='bbox 905 715 1095 801; x_wconf 77' lang='lat' dir='ltr'>marginata,</span> <span class='ocrx_word' id='word_1_30' title='bbox 1129 721 1256 780; x_wconf 87' lang='lat' dir='ltr'>demum</span> <span class='ocrx_word' id='word_1_31' title='bbox 1279 739 1336 832; x_wconf 51' lang='lat' dir='ltr'>pap</span> 
     </span>
     <span class='ocr_line' id='line_1_6' title="bbox 213 741 1316 887; baseline 0.004 -25"><span class='ocrx_word' id='word_1_32' title='bbox 213 823 285 862; x_wconf 88' lang='lat' dir='ltr'>rum</span> <span class='ocrx_word' id='word_1_33' title='bbox 307 741 466 882; x_wconf 83' lang='lat' dir='ltr'>tumidula</span> <span class='ocrx_word' id='word_1_34' title='bbox 484 822 643 880; x_wconf 80' lang='lat' dir='ltr'>convexa,</span> <span class='ocrx_word' id='word_1_35' title='bbox 675 803 812 866; x_wconf 89' lang='lat' dir='ltr'>circuitu</span> <span class='ocrx_word' id='word_1_36' title='bbox 832 799 995 875; x_wconf 82' lang='lat' dir='ltr'>flexuoso,</span> <span class='ocrx_word' id='word_1_37' title='bbox 1028 807 1172 887; x_wconf 76' lang='lat' dir='ltr'>margine</span> <span class='ocrx_word' id='word_1_38' title='bbox 1202 824 1316 866; x_wconf 81' lang='lat' dir='ltr'>evenes·</span> 
     </span>
     <span class='ocr_line' id='line_1_7' title="bbox 213 899 320 948; baseline 0.009 -1"><span class='ocrx_word' id='word_1_39' title='bbox 213 899 320 948; x_wconf 82' lang='lat' dir='ltr'>ceute.</span> 
     </span>
    </p>
   </div>
   <div class='ocr_carea' id='block_1_3' title="bbox 174 979 1085 1084">
    <p class='ocr_par' dir='ltr' id='par_1_3' title="bbox 174 979 1085 1084">
     <span class='ocr_line' id='line_1_8' title="bbox 174 979 1085 1084; baseline 0.002 -26"><span class='ocrx_word' id='word_1_40' title='bbox 174 1023 177 1030; x_wconf 60' lang='lat'><strong>⁴</strong></span> <span class='ocrx_word' id='word_1_41' title='bbox 213 1038 215 1042; x_wconf 83' lang='lat'><em>.</em></span> <span class='ocrx_word' id='word_1_42' title='bbox 266 1066 268 1084; x_wconf 71' lang='lat'><em>.</em></span> <span class='ocrx_word' id='word_1_43' title='bbox 298 979 419 1061; x_wconf 71' lang='lat' dir='ltr'>Crescit</span> <span class='ocrx_word' id='word_1_44' title='bbox 440 999 484 1060; x_wconf 84' lang='lat' dir='ltr'>od</span> <span class='ocrx_word' id='word_1_45' title='bbox 504 1001 653 1061; x_wconf 80' lang='lat' dir='ltr'>corticem</span> <span class='ocrx_word' id='word_1_46' title='bbox 676 1007 836 1061; x_wconf 72' lang='lat' dir='ltr'>veteratum</span> <span class='ocrx_word' id='word_1_47' title='bbox 861 1021 964 1082; x_wconf 82' lang='lat' dir='ltr'>prope</span> <span class='ocrx_word' id='word_1_48' title='bbox 989 997 1085 1060; x_wconf 71' lang='lat' dir='ltr'>Puro.</span> 
     </span>
    </p>
   </div>
   <div class='ocr_carea' id='block_1_4' title="bbox 175 1116 1318 1620">
    <p class='ocr_par' dir='ltr' id='par_1_4' title="bbox 175 1116 1318 1620">
     <span class='ocr_line' id='line_1_9' title="bbox 282 1116 1316 1196; baseline 0.006 -24"><span class='ocrx_word' id='word_1_49' title='bbox 282 1116 442 1181; x_wconf 62' lang='lat' dir='ltr'>,adnot</span> <span class='ocrx_word' id='word_1_50' title='bbox 477 1117 645 1196; x_wconf 84' lang='lat' dir='ltr'>Specimeu</span> <span class='ocrx_word' id='word_1_51' title='bbox 672 1129 817 1184; x_wconf 88' lang='lat' dir='ltr'>nostrum</span> <span class='ocrx_word' id='word_1_52' title='bbox 839 1118 970 1177; x_wconf 75' lang='lat' dir='ltr'>unicum*</span> <span class='ocrx_word' id='word_1_53' title='bbox 994 1129 1027 1177; x_wconf 91' lang='lat' dir='ltr'>et</span> <span class='ocrx_word' id='word_1_54' title='bbox 1054 1127 1213 1179; x_wconf 79' lang='lat' dir='ltr'>vetustum</span> <span class='ocrx_word' id='word_1_55' title='bbox 1245 1137 1316 1178; x_wconf 86' lang='lat' dir='ltr'>accr-</span> 
     </span>
     <span class='ocr_line' id='line_1_10' title="bbox 210 1199 1318 1282; baseline -0.001 -18"><span class='ocrx_word' id='word_1_56' title='bbox 210 1201 311 1264; x_wconf 76' lang='lat' dir='ltr'>ra&#39;tius</span> <span class='ocrx_word' id='word_1_57' title='bbox 334 1219 397 1263; x_wconf 88' lang='lat' dir='ltr'>ncn</span> <span class='ocrx_word' id='word_1_58' title='bbox 419 1199 637 1272; x_wconf 75' lang='lat' dir='ltr'>diffiniendum,</span> <span class='ocrx_word' id='word_1_59' title='bbox 659 1199 767 1272; x_wconf 82' lang='lat' dir='ltr'>¹forsan</span> <span class='ocrx_word' id='word_1_60' title='bbox 790 1199 828 1260; x_wconf 88' lang='lat' dir='ltr'>ad</span> <span class='ocrx_word' id='word_1_61' title='bbox 846 1201 987 1281; x_wconf 87' lang='lat' dir='ltr'>speciem</span> <span class='ocrx_word' id='word_1_62' title='bbox 1011 1201 1152 1282; x_wconf 85' lang='lat' dir='ltr'>ignotam</span> <span class='ocrx_word' id='word_1_63' title='bbox 1175 1202 1318 1280; x_wconf 72' lang='lat' dir='ltr'>pertinet,</span> 
     </span>
     <span class='ocr_line' id='line_1_11' title="bbox 200 1283 1317 1366; baseline -0.003 -18"><span class='ocrx_word' id='word_1_64' title='bbox 200 1305 271 1358; x_wconf 47' lang='lat' dir='ltr'>,nec</span> <span class='ocrx_word' id='word_1_65' title='bbox 300 1305 376 1348; x_wconf 87' lang='lat' dir='ltr'>vcro</span> <span class='ocrx_word' id='word_1_66' title='bbox 408 1283 449 1344; x_wconf 93' lang='lat' dir='ltr'>ob</span> <span class='ocrx_word' id='word_1_67' title='bbox 478 1300 613 1346; x_wconf 86' lang='lat' dir='ltr'>crustam</span> <span class='ocrx_word' id='word_1_68' title='bbox 641 1285 832 1360; x_wconf 83' lang='lat' dir='ltr'>crassiorem</span> <span class='ocrx_word' id='word_1_69' title='bbox 861 1298 896 1344; x_wconf 90' lang='lat' dir='ltr'>et</span> <span class='ocrx_word' id='word_1_70' title='bbox 921 1283 1088 1366; x_wconf 79' lang='lat' dir='ltr'>apothecis</span> <span class='ocrx_word' id='word_1_71' title='bbox 1118 1283 1259 1364; x_wconf 73' lang='lat' dir='ltr'>majora,</span> <span class='ocrx_word' id='word_1_72' title='bbox 1287 1287 1317 1346; x_wconf 85' lang='lat' dir='ltr'>uti</span> 
     </span>
     <span class='ocr_line' id='line_1_12' title="bbox 212 1367 1317 1449; baseline 0 -18"><span class='ocrx_word' id='word_1_73' title='bbox 212 1369 319 1431; x_wconf 89' lang='lat' dir='ltr'>solent</span> <span class='ocrx_word' id='word_1_74' title='bbox 341 1369 374 1429; x_wconf 89' lang='lat' dir='ltr'>iu</span> <span class='ocrx_word' id='word_1_75' title='bbox 395 1369 548 1449; x_wconf 78' lang='lat' dir='ltr'>tropicis,</span> <span class='ocrx_word' id='word_1_76' title='bbox 580 1387 640 1438; x_wconf 90' lang='lat' dir='ltr'>nec</span> <span class='ocrx_word' id='word_1_77' title='bbox 669 1367 709 1428; x_wconf 91' lang='lat' dir='ltr'>ob</span> <span class='ocrx_word' id='word_1_78' title='bbox 737 1369 878 1428; x_wconf 90' lang='lat' dir='ltr'>colorem</span> <span class='ocrx_word' id='word_1_79' title='bbox 908 1383 1034 1429; x_wconf 82' lang='lat' dir='ltr'>crustae</span> <span class='ocrx_word' id='word_1_80' title='bbox 1056 1368 1194 1428; x_wconf 86' lang='lat' dir='ltr'>viridem</span> <span class='ocrx_word' id='word_1_81' title='bbox 1216 1391 1234 1430; x_wconf 85' lang='lat' dir='ltr'>a</span> <span class='ocrx_word' id='word_1_82' title='bbox 1260 1373 1317 1432; x_wconf 82' lang='lat' dir='ltr'>Le·</span> 
     </span>
     <span class='ocr_line' id='line_1_13' title="bbox 175 1451 1316 1530; baseline 0 -18"><span class='ocrx_word' id='word_1_83' title='bbox 175 1475 177 1492; x_wconf 78' lang='lat'><strong>¹</strong></span> <span class='ocrx_word' id='word_1_84' title='bbox 211 1453 331 1530; x_wconf 81' lang='lat' dir='ltr'>cidea</span> <span class='ocrx_word' id='word_1_85' title='bbox 362 1452 652 1514; x_wconf 85' lang='lat' dir='ltr'>sabuletorum</span> <span class='ocrx_word' id='word_1_86' title='bbox 682 1451 814 1513; x_wconf 80' lang='lat' dir='ltr'>subinde</span> <span class='ocrx_word' id='word_1_87' title='bbox 843 1451 957 1512; x_wconf 89' lang='lat' dir='ltr'>eodem</span> <span class='ocrx_word' id='word_1_88' title='bbox 988 1454 1082 1513; x_wconf 80' lang='lat' dir='ltr'>uredo</span> <span class='ocrx_word' id='word_1_89' title='bbox 1111 1452 1256 1513; x_wconf 87' lang='lat' dir='ltr'>colorata</span> <span class='ocrx_word' id='word_1_90' title='bbox 1282 1473 1316 1514; x_wconf 86' lang='lat' dir='ltr'>se·</span> 
     </span>
     <span class='ocr_line' id='line_1_14' title="bbox 210 1531 522 1620; baseline -0.01 -23"><span class='ocrx_word' id='word_1_91' title='bbox 210 1531 415 1620; x_wconf 80' lang='lat' dir='ltr'>iungendum.</span> <span class='ocrx_word' id='word_1_92' title='bbox 521 1556 522 1565; x_wconf 56' lang='lat'>¹</span> 
     </span>
    </p>
   </div>
   <div class='ocr_carea' id='block_1_5' title="bbox 432 1781 1040 1834">
    <p class='ocr_par' dir='ltr' id='par_1_5' title="bbox 432 1781 1040 1834">
     <span class='ocr_line' id='line_1_15' title="bbox 432 1781 1040 1834; baseline 0 -1"><span class='ocrx_word' id='word_1_93' title='bbox 432 1795 436 1803; x_wconf 67' lang='lat'><strong><em>¹</em></strong></span> <span class='ocrx_word' id='word_1_94' title='bbox 494 1781 520 1833; x_wconf 71' lang='grc' dir='ltr'>ὑ·</span> <span class='ocrx_word' id='word_1_95' title='bbox 562 1788 759 1833; x_wconf 73' lang='lat' dir='ltr'>temnus</span> <span class='ocrx_word' id='word_1_96' title='bbox 809 1787 1040 1834; x_wconf 69' lang='lat' dir='ltr'>amarunt.</span> 
     </span>
    </p>
   </div>
   <div class='ocr_carea' id='block_1_6' title="bbox 209 1939 1336 2189">
    <p class='ocr_par' dir='ltr' id='par_1_6' title="bbox 209 1939 1336 2189">
     <span class='ocr_line' id='line_1_16' title="bbox 295 1939 1336 2026; baseline -0.002 -26"><span class='ocrx_word' id='word_1_97' title='bbox 295 1939 332 2000; x_wconf 84' lang='lat' dir='ltr'>L.</span> <span class='ocrx_word' id='word_1_98' title='bbox 363 1951 468 2001; x_wconf 88' lang='lat' dir='ltr'>crusta</span> <span class='ocrx_word' id='word_1_99' title='bbox 491 1940 580 2001; x_wconf 87' lang='lat' dir='ltr'>tenui</span> <span class='ocrx_word' id='word_1_100' title='bbox 600 1939 756 2026; x_wconf 70' lang='lat' dir='ltr'>instigata</span> <span class='ocrx_word' id='word_1_101' title='bbox 779 1939 1060 2020; x_wconf 87' lang='lat' dir='ltr'>subpulrerulenta</span> <span class='ocrx_word' id='word_1_102' title='bbox 1078 1939 1336 2003; x_wconf 54' lang='lat' dir='ltr'>caesio-albida.t</span> 
     </span>
     <span class='ocr_line' id='line_1_17' title="bbox 211 2022 1319 2108; baseline 0 -24"><span class='ocrx_word' id='word_1_103' title='bbox 211 2022 391 2104; x_wconf 82' lang='lat' dir='ltr'>apotheciis</span> <span class='ocrx_word' id='word_1_104' title='bbox 417 2023 581 2105; x_wconf 78' lang='lat' dir='ltr'>sessilibus</span> <span class='ocrx_word' id='word_1_105' title='bbox 610 2022 713 2102; x_wconf 78' lang='lat' dir='ltr'>planis</span> <span class='ocrx_word' id='word_1_106' title='bbox 743 2025 865 2108; x_wconf 88' lang='lat' dir='ltr'>nigris,</span> <span class='ocrx_word' id='word_1_107' title='bbox 896 2025 985 2087; x_wconf 87' lang='lat' dir='ltr'>disco</span> <span class='ocrx_word' id='word_1_108' title='bbox 1016 2024 1319 2107; x_wconf 85' lang='lat' dir='ltr'>caesio-pruinoso,</span> 
     </span>
     <span class='ocr_line' id='line_1_18' title="bbox 209 2106 728 2189; baseline 0 -23"><span class='ocrx_word' id='word_1_109' title='bbox 209 2107 352 2189; x_wconf 82' lang='lat' dir='ltr'>margine</span> <span class='ocrx_word' id='word_1_110' title='bbox 373 2109 576 2188; x_wconf 82' lang='lat' dir='ltr'>prominente</span> <span class='ocrx_word' id='word_1_111' title='bbox 597 2106 728 2172; x_wconf 87' lang='lat' dir='ltr'>tumido.</span> 
     </span>
    </p>
   </div>
   <div class='ocr_carea' id='block_1_7' title="bbox 292 2219 1320 2389">
    <p class='ocr_par' dir='ltr' id='par_1_7' title="bbox 292 2219 1320 2389">
     <span class='ocr_line' id='line_1_19' title="bbox 292 2219 1320 2306; baseline 0.001 -22"><span class='ocrx_word' id='word_1_112' title='bbox 292 2221 434 2284; x_wconf 87' lang='lat' dir='ltr'>Lecidea</span> <span class='ocrx_word' id='word_1_113' title='bbox 468 2221 625 2296; x_wconf 83' lang='lat' dir='ltr'>abietina,</span> <span class='ocrx_word' id='word_1_114' title='bbox 666 2221 793 2284; x_wconf 80' lang='lat' dir='ltr'>Askar.</span> <span class='ocrx_word' id='word_1_115' title='bbox 827 2219 964 2283; x_wconf 79' lang='lat' dir='ltr'>Liclren.</span> <span class='ocrx_word' id='word_1_116' title='bbox 994 2221 1081 2284; x_wconf 71' lang='lat' dir='ltr'>uarie.</span> <span class='ocrx_word' id='word_1_117' title='bbox 1118 2243 1154 2306; x_wconf 83' lang='lat' dir='ltr'>p.</span> <span class='ocrx_word' id='word_1_118' title='bbox 1191 2223 1261 2285; x_wconf 71' lang='lat'>188.</span> <span class='ocrx_word' id='word_1_119' title='bbox 1290 2253 1320 2268; x_wconf 87' lang='lat'>-</span> 
     </span>
     <span class='ocr_line' id='line_1_20' title="bbox 333 2303 682 2389; baseline 0 -23"><span class='ocrx_word' id='word_1_120' title='bbox 333 2303 448 2384; x_wconf 81' lang='lat' dir='ltr'>Ejusd.</span> <span class='ocrx_word' id='word_1_121' title='bbox 472 2308 552 2387; x_wconf 79' lang='lat' dir='ltr'>Syra.</span> <span class='ocrx_word' id='word_1_122' title='bbox 576 2327 611 2389; x_wconf 83' lang='lat' dir='ltr'>p.</span> <span class='ocrx_word' id='word_1_123' title='bbox 631 2305 682 2368; x_wconf 84' lang='lat'>30.</span> 
     </span>
    </p>
   </div>
   <div class='ocr_carea' id='block_1_8' title="bbox 294 2394 1336 2588">
    <p class='ocr_par' dir='ltr' id='par_1_8' title="bbox 294 2394 1336 2588">
     <span class='ocr_line' id='line_1_21' title="bbox 294 2394 1316 2504; baseline -0.009 -21"><span class='ocrx_word' id='word_1_124' title='bbox 294 2421 414 2484; x_wconf 82' lang='lat' dir='ltr'>Lichan</span> <span class='ocrx_word' id='word_1_125' title='bbox 449 2421 629 2493; x_wconf 78' lang='lat' dir='ltr'>abietinas,</span> <span class='ocrx_word' id='word_1_126' title='bbox 674 2417 759 2481; x_wconf 79' lang='lat' dir='ltr'>Act.</span> <span class='ocrx_word' id='word_1_127' title='bbox 792 2418 824 2480; x_wconf 86' lang='lat' dir='ltr'>in</span> <span class='ocrx_word' id='word_1_128' title='bbox 863 2419 927 2480; x_wconf 82' lang='lat' dir='ltr'>Vel.</span> <span class='ocrx_word' id='word_1_129' title='bbox 960 2394 1067 2480; x_wconf 74' lang='lat' dir='ltr'>¹Accad.</span> <span class='ocrx_word' id='word_1_130' title='bbox 1099 2441 1170 2504; x_wconf 75' lang='lat' dir='ltr'>nye</span> <span class='ocrx_word' id='word_1_131' title='bbox 1214 2415 1316 2480; x_wconf 75' lang='lat' dir='ltr'>Haedi.</span> 
     </span>
     <span class='ocr_line' id='line_1_22' title="bbox 313 2499 1336 2588; baseline -0.007 -21"><span class='ocrx_word' id='word_1_132' title='bbox 313 2520 317 2526; x_wconf 88' lang='lat'>&#39;</span> <span class='ocrx_word' id='word_1_133' title='bbox 345 2503 409 2567; x_wconf 85' lang='lat' dir='ltr'>Vol.</span> <span class='ocrx_word' id='word_1_134' title='bbox 432 2501 531 2566; x_wconf 88' lang='lat' dir='ltr'><em>XVI.</em></span> <span class='ocrx_word' id='word_1_135' title='bbox 554 2505 666 2585; x_wconf 77' lang='lat'>(1795)</span> <span class='ocrx_word' id='word_1_136' title='bbox 690 2527 724 2585; x_wconf 87' lang='grc' dir='ltr'>ρ.</span> <span class='ocrx_word' id='word_1_137' title='bbox 751 2503 819 2586; x_wconf 80' lang='lat'>139.</span> <span class='ocrx_word' id='word_1_138' title='bbox 848 2503 913 2566; x_wconf 78' lang='lat' dir='ltr'>tob.</span> <span class='ocrx_word' id='word_1_139' title='bbox 942 2504 976 2564; x_wconf 86' lang='lat' dir='ltr'>V.</span> <span class='ocrx_word' id='word_1_140' title='bbox 1003 2499 1068 2588; x_wconf 79' lang='lat' dir='ltr'>fig.</span> <span class='ocrx_word' id='word_1_141' title='bbox 1091 2529 1121 2585; x_wconf 87' lang='lat'>7.</span> <span class='ocrx_word' id='word_1_142' title='bbox 1335 2511 1336 2524; x_wconf 65' lang='lat'>¹</span> 
     </span>
    </p>
   </div>
   <div class='ocr_carea' id='block_1_9' title="bbox 209 2619 1336 2790">
    <p class='ocr_par' dir='ltr' id='par_1_9' title="bbox 209 2619 1336 2790">
     <span class='ocr_line' id='line_1_23' title="bbox 294 2619 1336 2705; baseline -0.005 -22"><span class='ocrx_word' id='word_1_143' title='bbox 294 2621 425 2684; x_wconf 80' lang='lat' dir='ltr'>Thallus</span> <span class='ocrx_word' id='word_1_144' title='bbox 447 2622 479 2682; x_wconf 90' lang='lat' dir='ltr'>in</span> <span class='ocrx_word' id='word_1_145' title='bbox 500 2622 596 2683; x_wconf 90' lang='lat' dir='ltr'>unico</span> <span class='ocrx_word' id='word_1_146' title='bbox 618 2635 729 2682; x_wconf 83' lang='lat' dir='ltr'>nostro</span> <span class='ocrx_word' id='word_1_147' title='bbox 750 2621 936 2702; x_wconf 85' lang='lat' dir='ltr'>specimine,</span> <span class='ocrx_word' id='word_1_148' title='bbox 960 2621 1044 2705; x_wconf 88' lang='lat' dir='ltr'>quod</span> <span class='ocrx_word' id='word_1_149' title='bbox 1065 2621 1127 2682; x_wconf 88' lang='lat' dir='ltr'>huc</span> <span class='ocrx_word' id='word_1_150' title='bbox 1148 2619 1336 2682; x_wconf 59' lang='lat' dir='ltr'>referimus:</span> 
     </span>
     <span class='ocr_line' id='line_1_24' title="bbox 209 2703 1328 2790; baseline -0.008 -21"><span class='ocrx_word' id='word_1_151' title='bbox 209 2705 314 2769; x_wconf 89' lang='lat' dir='ltr'>tenuis</span> <span class='ocrx_word' id='word_1_152' title='bbox 336 2707 529 2790; x_wconf 86' lang='lat' dir='ltr'>aequabilis,</span> <span class='ocrx_word' id='word_1_153' title='bbox 564 2703 683 2767; x_wconf 86' lang='lat' dir='ltr'>confini</span> <span class='ocrx_word' id='word_1_154' title='bbox 704 2706 819 2766; x_wconf 90' lang='lat' dir='ltr'>similis</span> <span class='ocrx_word' id='word_1_155' title='bbox 840 2706 902 2766; x_wconf 90' lang='lat' dir='ltr'>nisi</span> <span class='ocrx_word' id='word_1_156' title='bbox 924 2705 1009 2788; x_wconf 89' lang='lat' dir='ltr'>quod</span> <span class='ocrx_word' id='word_1_157' title='bbox 1032 2726 1049 2763; x_wconf 92' lang='lat' dir='ltr'>e</span> <span class='ocrx_word' id='word_1_158' title='bbox 1076 2706 1215 2767; x_wconf 89' lang='lat' dir='ltr'>cinereo</span> <span class='ocrx_word' id='word_1_159' title='bbox 1237 2705 1328 2766; x_wconf 80' lang='lat' dir='ltr'>vires·</span> 
     </span>
    </p>
   </div>
   <div class='ocr_carea' id='block_1_10' title="bbox 107 2788 1328 2873">
    <p class='ocr_par' dir='ltr' id='par_1_10' title="bbox 107 2788 1328 2873">
     <span class='ocr_line' id='line_1_25' title="bbox 107 2788 1328 2873; baseline -0.007 -19"><span class='ocrx_word' id='word_1_160' title='bbox 107 2851 111 2866; x_wconf 74' lang='grc'><strong>,</strong></span> <span class='ocrx_word' id='word_1_161' title='bbox 209 2806 274 2860; x_wconf 86' lang='lat' dir='ltr'>cat,</span> <span class='ocrx_word' id='word_1_162' title='bbox 305 2793 338 2851; x_wconf 90' lang='lat' dir='ltr'>in</span> <span class='ocrx_word' id='word_1_163' title='bbox 362 2789 502 2854; x_wconf 85' lang='lat' dir='ltr'>confinio</span> <span class='ocrx_word' id='word_1_164' title='bbox 524 2791 804 2873; x_wconf 88' lang='lat' dir='ltr'>nigro-limitatus,</span> <span class='ocrx_word' id='word_1_165' title='bbox 829 2803 995 2870; x_wconf 87' lang='lat' dir='ltr'>praeterea</span> <span class='ocrx_word' id='word_1_166' title='bbox 1020 2813 1036 2850; x_wconf 90' lang='lat' dir='ltr'>a</span> <span class='ocrx_word' id='word_1_167' title='bbox 1058 2788 1328 2870; x_wconf 87' lang='lat' dir='ltr'>Sporotricho</span> 
     </span>
    </p>
   </div>
   <div class='ocr_carea' id='block_1_11' title="bbox 209 2873 1328 3113">
    <p class='ocr_par' dir='ltr' id='par_1_11' title="bbox 209 2873 1328 3113">
     <span class='ocr_line' id='line_1_26' title="bbox 213 2873 1327 2958; baseline -0.003 -25"><span class='ocrx_word' id='word_1_168' title='bbox 213 2874 348 2958; x_wconf 89' lang='lat' dir='ltr'>quodam</span> <span class='ocrx_word' id='word_1_169' title='bbox 362 2875 562 2958; x_wconf 86' lang='lat' dir='ltr'>inquinatus.</span> <span class='ocrx_word' id='word_1_170' title='bbox 605 2875 785 2953; x_wconf 82' lang='lat' dir='ltr'>Apothecia</span> <span class='ocrx_word' id='word_1_171' title='bbox 804 2873 930 2954; x_wconf 89' lang='lat' dir='ltr'>juniora</span> <span class='ocrx_word' id='word_1_172' title='bbox 954 2892 1110 2944; x_wconf 73' lang='lat' dir='ltr'>concava,</span> <span class='ocrx_word' id='word_1_173' title='bbox 1135 2895 1213 2934; x_wconf 85' lang='lat' dir='ltr'>mox</span> <span class='ocrx_word' id='word_1_174' title='bbox 1231 2873 1327 2954; x_wconf 80' lang='lat' dir='ltr'>plana.</span> 
     </span>
     <span class='ocr_line' id='line_1_27' title="bbox 209 2957 1328 3041; baseline -0.005 -21"><span class='ocrx_word' id='word_1_175' title='bbox 209 2959 300 3021; x_wconf 87' lang='lat' dir='ltr'>disco</span> <span class='ocrx_word' id='word_1_176' title='bbox 330 2958 803 3039; x_wconf 55' lang='lat' dir='ltr'>cinerecsscaesio-pruinosc,</span> <span class='ocrx_word' id='word_1_177' title='bbox 837 2959 981 3041; x_wconf 83' lang='lat' dir='ltr'>margine</span> <span class='ocrx_word' id='word_1_178' title='bbox 1004 2970 1072 3018; x_wconf 88' lang='lat' dir='ltr'>atro</span> <span class='ocrx_word' id='word_1_179' title='bbox 1101 2957 1211 3020; x_wconf 83' lang='lat' dir='ltr'>miuus</span> <span class='ocrx_word' id='word_1_180' title='bbox 1243 2975 1328 3040; x_wconf 73' lang='lat' dir='ltr'>quan</span> 
     </span>
     <span class='ocr_line' id='line_1_28' title="bbox 212 3042 607 3113; baseline 0.003 -10"><span class='ocrx_word' id='word_1_181' title='bbox 212 3044 247 3104; x_wconf 90' lang='lat' dir='ltr'>in</span> <span class='ocrx_word' id='word_1_182' title='bbox 269 3042 452 3106; x_wconf 84' lang='lat' dir='ltr'>domesticis</span> <span class='ocrx_word' id='word_1_183' title='bbox 474 3043 607 3113; x_wconf 80' lang='lat' dir='ltr'>tumido.</span> 
     </span>
    </p>
   </div>
   <div class='ocr_carea' id='block_1_12' title="bbox 206 3149 1336 3410">
    <p class='ocr_par' dir='ltr' id='par_1_12' title="bbox 206 3149 1336 3410">
     <span class='ocr_line' id='line_1_29' title="bbox 294 3149 1336 3238; baseline -0.002 -22"><span class='ocrx_word' id='word_1_184' title='bbox 294 3153 413 3216; x_wconf 85' lang='lat' dir='ltr'>Crescit</span> <span class='ocrx_word' id='word_1_185' title='bbox 435 3157 489 3218; x_wconf 68' lang='lat' dir='ltr'>aad</span> <span class='ocrx_word' id='word_1_186' title='bbox 519 3156 669 3217; x_wconf 76' lang='lat' dir='ltr'>corticem</span> <span class='ocrx_word' id='word_1_187' title='bbox 701 3156 855 3222; x_wconf 72' lang='lat' dir='ltr'>arborum</span> <span class='ocrx_word' id='word_1_188' title='bbox 884 3177 986 3238; x_wconf 82' lang='lat' dir='ltr'>prope</span> <span class='ocrx_word' id='word_1_189' title='bbox 1017 3152 1161 3214; x_wconf 75' lang='lat' dir='ltr'>Badiam</span> <span class='ocrx_word' id='word_1_190' title='bbox 1196 3149 1336 3230; x_wconf 56' lang='lat' dir='ltr'>conlisa</span> 
     </span>
     <span class='ocr_line' id='line_1_30' title="bbox 206 3234 1324 3324; baseline -0.004 -24"><span class='ocrx_word' id='word_1_191' title='bbox 206 3234 372 3300; x_wconf 69' lang='lat' dir='ltr'>Lecidecse&#39;</span> <span class='ocrx_word' id='word_1_192' title='bbox 393 3235 608 3324; x_wconf 77' lang='lat' dir='ltr'>ferrugineos</span> <span class='ocrx_word' id='word_1_193' title='bbox 637 3263 706 3302; x_wconf 82' lang='lat' dir='ltr'>var.</span> <span class='ocrx_word' id='word_1_194' title='bbox 739 3241 904 3302; x_wconf 71' lang='lat' dir='ltr'>coccineae</span> <span class='ocrx_word' id='word_1_195' title='bbox 936 3249 966 3299; x_wconf 85' lang='lat' dir='ltr'>et</span> <span class='ocrx_word' id='word_1_196' title='bbox 999 3235 1184 3300; x_wconf 77' lang='lat' dir='ltr'>Parmeliae</span> <span class='ocrx_word' id='word_1_197' title='bbox 1212 3259 1324 3306; x_wconf 60' lang='lat' dir='ltr'>uorat,</span> 
     </span>
     <span class='ocr_line' id='line_1_31' title="bbox 206 3321 1181 3410; baseline -0.001 -25"><span class='ocrx_word' id='word_1_198' title='bbox 206 3340 277 3385; x_wconf 82' lang='lat' dir='ltr'>var.</span> <span class='ocrx_word' id='word_1_199' title='bbox 300 3323 614 3403; x_wconf 73' lang='lat' dir='ltr'>cinereo-carneoe3</span> <span class='ocrx_word' id='word_1_200' title='bbox 643 3323 675 3386; x_wconf 85' lang='lat' dir='ltr'>in</span> <span class='ocrx_word' id='word_1_201' title='bbox 699 3327 812 3389; x_wconf 84' lang='lat' dir='ltr'>Amer.</span> <span class='ocrx_word' id='word_1_202' title='bbox 831 3323 941 3410; x_wconf 63' lang='lat' dir='ltr'>pelugi</span> <span class='ocrx_word' id='word_1_203' title='bbox 961 3321 1181 3400; x_wconf 68' lang='lat' dir='ltr'>(Richards).</span> 
     </span>
    </p>
   </div>
   <div class='ocr_carea' id='block_1_13' title="bbox 174 3441 1326 3696">
    <p class='ocr_par' dir='ltr' id='par_1_13' title="bbox 174 3441 1326 3696">
     <span class='ocr_line' id='line_1_32' title="bbox 290 3441 1295 3523; baseline -0.004 -20"><span class='ocrx_word' id='word_1_204' title='bbox 290 3441 436 3504; x_wconf 77' lang='lat' dir='ltr'>Adnot.</span> <span class='ocrx_word' id='word_1_205' title='bbox 468 3443 601 3523; x_wconf 86' lang='lat' dir='ltr'>Species</span> <span class='ocrx_word' id='word_1_206' title='bbox 632 3441 832 3520; x_wconf 21' lang='lat' dir='ltr'>adlfcrmam</span> <span class='ocrx_word' id='word_1_207' title='bbox 861 3453 1117 3523; x_wconf 85' lang='lat' dir='ltr'>structuramque</span> <span class='ocrx_word' id='word_1_208' title='bbox 1149 3459 1244 3500; x_wconf 79' lang='lat' dir='ltr'>auam</span> <span class='ocrx_word' id='word_1_209' title='bbox 1272 3459 1295 3499; x_wconf 91' lang='lat' dir='ltr'>o</span> 
     </span>
     <span class='ocr_line' id='line_1_33' title="bbox 174 3521 1326 3612; baseline -0.003 -26"><span class='ocrx_word' id='word_1_210' title='bbox 174 3522 176 3532; x_wconf 79' lang='grc'>’</span> <span class='ocrx_word' id='word_1_211' title='bbox 204 3522 283 3588; x_wconf 88' lang='lat' dir='ltr'>uino</span> <span class='ocrx_word' id='word_1_212' title='bbox 304 3524 396 3604; x_wconf 88' lang='lat' dir='ltr'>hujus</span> <span class='ocrx_word' id='word_1_213' title='bbox 419 3527 547 3607; x_wconf 85' lang='lat' dir='ltr'>generis</span> <span class='ocrx_word' id='word_1_214' title='bbox 556 3545 567 3610; x_wconf 76' lang='lat'>3</span> <span class='ocrx_word' id='word_1_215' title='bbox 606 3525 645 3594; x_wconf 87' lang='lat' dir='ltr'>de</span> <span class='ocrx_word' id='word_1_216' title='bbox 668 3524 822 3612; x_wconf 81' lang='lat' dir='ltr'>affinitate</span> <span class='ocrx_word' id='word_1_217' title='bbox 845 3544 922 3612; x_wconf 24' lang='lat' dir='ltr'>cum,</span> <span class='ocrx_word' id='word_1_218' title='bbox 939 3522 1209 3604; x_wconf 88' lang='lat' dir='ltr'>Pyrenothea</span> <span class='ocrx_word' id='word_1_219' title='bbox 1245 3521 1326 3584; x_wconf 79' lang='lat' dir='ltr'>len</span> 
     </span>
     <span class='ocr_line' id='line_1_34' title="bbox 205 3607 1148 3696; baseline -0.005 -27"><span class='ocrx_word' id='word_1_220' title='bbox 205 3609 432 3688; x_wconf 84' lang='lat' dir='ltr'>eccephala</span> <span class='ocrx_word' id='word_1_221' title='bbox 459 3610 591 3696; x_wconf 22' lang='lat' dir='ltr'>Friese</span> <span class='ocrx_word' id='word_1_222' title='bbox 607 3607 659 3672; x_wconf 90' lang='lat' dir='ltr'>hic</span> <span class='ocrx_word' id='word_1_223' title='bbox 682 3607 863 3672; x_wconf 84' lang='lat' dir='ltr'>disserendi</span> <span class='ocrx_word' id='word_1_224' title='bbox 885 3608 976 3670; x_wconf 89' lang='lat' dir='ltr'>locus</span> <span class='ocrx_word' id='word_1_225' title='bbox 997 3629 1061 3669; x_wconf 93' lang='lat' dir='ltr'>non</span> <span class='ocrx_word' id='word_1_226' title='bbox 1087 3620 1148 3667; x_wconf 89' lang='lat' dir='ltr'>est.</span> 
     </span>
    </p>
   </div>
   <div class='ocr_carea' id='block_1_14' title="bbox 203 3711 1330 3968">
    <p class='ocr_par' dir='ltr' id='par_1_14' title="bbox 203 3711 1330 3968">
     <span class='ocr_line' id='line_1_35' title="bbox 289 3711 1294 3796; baseline -0.001 -21"><span class='ocrx_word' id='word_1_227' title='bbox 289 3717 327 3776; x_wconf 76' lang='lat' dir='ltr'>u.</span> <span class='ocrx_word' id='word_1_228' title='bbox 365 3715 570 3788; x_wconf 77' lang='lat' dir='ltr'>abietinas,</span> <span class='ocrx_word' id='word_1_229' title='bbox 611 3716 791 3796; x_wconf 72' lang='lat' dir='ltr'>‘rub&#39;ens3</span> <span class='ocrx_word' id='word_1_230' title='bbox 816 3715 835 3780; x_wconf 72' lang='lat' dir='ltr'>i</span> <span class='ocrx_word' id='word_1_231' title='bbox 863 3727 970 3776; x_wconf 87' lang='lat' dir='ltr'>crusta</span> <span class='ocrx_word' id='word_1_232' title='bbox 1013 3711 1294 3795; x_wconf 74' lang='lat' dir='ltr'>submembraonc</span> 
     </span>
     <span class='ocr_line' id='line_1_36' title="bbox 204 3795 1330 3882; baseline -0.003 -22"><span class='ocrx_word' id='word_1_233' title='bbox 204 3799 366 3882; x_wconf 80' lang='lat' dir='ltr'>granulata</span> <span class='ocrx_word' id='word_1_234' title='bbox 395 3799 512 3880; x_wconf 87' lang='lat' dir='ltr'>pallide</span> <span class='ocrx_word' id='word_1_235' title='bbox 533 3797 744 3875; x_wconf 88' lang='lat' dir='ltr'>rubescente,</span> <span class='ocrx_word' id='word_1_236' title='bbox 776 3796 1205 3882; x_wconf 76' lang='lat' dir='ltr'>apotheciissubsessilibus</span> <span class='ocrx_word' id='word_1_237' title='bbox 1230 3795 1330 3877; x_wconf 72' lang='lat' dir='ltr'>plan&#39;</span> 
     </span>
     <span class='ocr_line' id='line_1_37' title="bbox 203 3869 1305 3968; baseline -0.004 -22"><span class='ocrx_word' id='word_1_238' title='bbox 203 3884 317 3968; x_wconf 84' lang='lat' dir='ltr'>nigris,</span> <span class='ocrx_word' id='word_1_239' title='bbox 342 3883 431 3946; x_wconf 90' lang='lat' dir='ltr'>disco</span> <span class='ocrx_word' id='word_1_240' title='bbox 455 3881 760 3967; x_wconf 85' lang='lat' dir='ltr'>caesio-pruinoso,</span> <span class='ocrx_word' id='word_1_241' title='bbox 784 3884 927 3966; x_wconf 84' lang='lat' dir='ltr'>margine</span> <span class='ocrx_word' id='word_1_242' title='bbox 949 3882 1155 3962; x_wconf 86' lang='lat' dir='ltr'>prominente</span> <span class='ocrx_word' id='word_1_243' title='bbox 1176 3869 1305 3942; x_wconf 83' lang='lat' dir='ltr'>llexuo</span> 
     </span>
    </p>
   </div>
   <div class='ocr_carea' id='block_1_15' title="bbox 189 3987 1336 4408">
    <p class='ocr_par' dir='ltr' id='par_1_15' title="bbox 189 3987 1336 4408">
     <span class='ocr_line' id='line_1_38' title="bbox 287 3987 1319 4071; baseline -0.007 -18"><span class='ocrx_word' id='word_1_244' title='bbox 287 3989 435 4054; x_wconf 72' lang='lat' dir='ltr'>Varistae</span> <span class='ocrx_word' id='word_1_245' title='bbox 463 3989 572 4051; x_wconf 86' lang='lat' dir='ltr'>habitu</span> <span class='ocrx_word' id='word_1_246' title='bbox 594 3990 752 4071; x_wconf 88' lang='lat' dir='ltr'>elegante.</span> <span class='ocrx_word' id='word_1_247' title='bbox 796 3987 926 4051; x_wconf 85' lang='lat' dir='ltr'>Thallus</span> <span class='ocrx_word' id='word_1_248' title='bbox 956 4001 1140 4048; x_wconf 87' lang='lat' dir='ltr'>crustaccus</span> <span class='ocrx_word' id='word_1_249' title='bbox 1173 4000 1253 4067; x_wconf 86' lang='lat' dir='ltr'>post</span> <span class='ocrx_word' id='word_1_250' title='bbox 1284 4009 1319 4046; x_wconf 80' lang='lat' dir='ltr'>u</span> 
     </span>
     <span class='ocr_line' id='line_1_39' title="bbox 203 4069 1328 4154; baseline -0.004 -20"><span class='ocrx_word' id='word_1_251' title='bbox 203 4069 400 4138; x_wconf 77' lang='lat' dir='ltr'>serationem</span> <span class='ocrx_word' id='word_1_252' title='bbox 424 4075 708 4148; x_wconf 89' lang='lat' dir='ltr'>carneo-rubens,</span> <span class='ocrx_word' id='word_1_253' title='bbox 740 4073 879 4135; x_wconf 87' lang='lat' dir='ltr'>tenuiter</span> <span class='ocrx_word' id='word_1_254' title='bbox 911 4071 1283 4154; x_wconf 74' lang='lat' dir='ltr'>gyrum-granulatut.</span> <span class='ocrx_word' id='word_1_255' title='bbox 1320 4069 1328 4082; x_wconf 90' lang='grc'><strong>“</strong></span> 
     </span>
     <span class='ocr_line' id='line_1_40' title="bbox 189 4151 1316 4242; baseline -0.007 -22"><span class='ocrx_word' id='word_1_256' title='bbox 189 4157 343 4222; x_wconf 78' lang='lat' dir='ltr'>¹confinio</span> <span class='ocrx_word' id='word_1_257' title='bbox 365 4158 682 4242; x_wconf 81' lang='lat' dir='ltr'>nigro-marginatus.</span> <span class='ocrx_word' id='word_1_258' title='bbox 708 4157 902 4239; x_wconf 76' lang='lat' dir='ltr'>&#39;Ap&#39;cthecia</span> <span class='ocrx_word' id='word_1_259' title='bbox 925 4177 1045 4236; x_wconf 83' lang='lat' dir='ltr'>sparsa,</span> <span class='ocrx_word' id='word_1_260' title='bbox 1069 4151 1265 4236; x_wconf 76' lang='lat' dir='ltr'>majuscula,</span> <span class='ocrx_word' id='word_1_261' title='bbox 1296 4177 1316 4212; x_wconf 79' lang='lat' dir='ltr'>a</span> 
     </span>
     <span class='ocr_line' id='line_1_41' title="bbox 200 4238 1306 4324; baseline -0.005 -22"><span class='ocrx_word' id='word_1_262' title='bbox 200 4259 336 4322; x_wconf 78' lang='lat' dir='ltr'>pressa,</span> <span class='ocrx_word' id='word_1_263' title='bbox 376 4243 466 4304; x_wconf 86' lang='lat' dir='ltr'>disco</span> <span class='ocrx_word' id='word_1_264' title='bbox 498 4261 537 4302; x_wconf 89' lang='lat' dir='ltr'>ex</span> <span class='ocrx_word' id='word_1_265' title='bbox 560 4240 744 4302; x_wconf 86' lang='lat' dir='ltr'>dilatatione</span> <span class='ocrx_word' id='word_1_266' title='bbox 774 4238 896 4324; x_wconf 87' lang='lat' dir='ltr'>globuli</span> <span class='ocrx_word' id='word_1_267' title='bbox 926 4240 988 4301; x_wconf 85' lang='lat' dir='ltr'>atri</span> <span class='ocrx_word' id='word_1_268' title='bbox 1011 4238 1105 4300; x_wconf 89' lang='lat' dir='ltr'>nitidi</span> <span class='ocrx_word' id='word_1_269' title='bbox 1137 4259 1213 4300; x_wconf 88' lang='lat' dir='ltr'>mox</span> <span class='ocrx_word' id='word_1_270' title='bbox 1235 4239 1306 4318; x_wconf 76' lang='lat' dir='ltr'>pla</span> 
     </span>
     <span class='ocr_line' id='line_1_42' title="bbox 196 4321 1336 4408; baseline 0 -24"><span class='ocrx_word' id='word_1_271' title='bbox 196 4324 519 4408; x_wconf 71' lang='lat' dir='ltr'>casato-pruinoso,</span> <span class='ocrx_word' id='word_1_272' title='bbox 543 4323 657 4406; x_wconf 85' lang='lat' dir='ltr'>pruina</span> <span class='ocrx_word' id='word_1_273' title='bbox 682 4325 880 4407; x_wconf 82' lang='lat' dir='ltr'>persistente</span> <span class='ocrx_word' id='word_1_274' title='bbox 902 4336 962 4387; x_wconf 89' lang='lat' dir='ltr'>nec</span> <span class='ocrx_word' id='word_1_275' title='bbox 991 4323 1026 4386; x_wconf 88' lang='lat' dir='ltr'>in</span> <span class='ocrx_word' id='word_1_276' title='bbox 1047 4321 1240 4386; x_wconf 77' lang='lat' dir='ltr'>madefactis</span> <span class='ocrx_word' id='word_1_277' title='bbox 1274 4341 1336 4408; x_wconf 59' lang='lat' dir='ltr'>ers</span> 
     </span>
    </p>
   </div>
   <div class='ocr_carea' id='block_1_16' title="bbox 0 0 1348 4898">
    <p class='ocr_par' dir='ltr' id='par_1_16' title="bbox 0 0 1348 4898">
     <span class='ocr_line' id='line_1_43' title="bbox 0 0 1348 4898; baseline 0 3"><span class='ocrx_word' id='word_1_278' title='bbox 0 0 1348 4898; x_wconf 95' lang='lat' dir='ltr'> </span> 
     </span>
    </p>
   </div>
  </div>
 </body>
</html>
