2656 4902
231 311 295 377 152
487 249 490 256 -
538 293 723 358 Lucenses.
744 243 1023 358 Asabon-namuri.

319 475 563 566 Trypetbelium
595 473 801 558 Sprengelii‚
832 465 896 537 Fe'e
921 471 1006 542 1.,ο.
1032 495 1112 560 pag.
1139 475 1186 545 05.
1211 475 1264 542 tub.
1282 501 1311 566 tt·

219 567 292 658 fig.
322 589 371 648 r.,·
400 559 602 628 necAcbor.
888 587 891 599 ·
982 586 984 595 Α

209 763 212 774 ,
246 749 248 758 .
270 694 272 701 ·
297 681 460 770 ‘rtatim
483 695 532 757 aa
552 673 693 767 vitetur,
712 691 822 774 junior
840 691 1118 774 hypapantes,
1140 691 1250 758 temam
1265 698 1315 760 n„

223 785 308 850 inde
329 781 566 866 epipbloeodes
596 798 669 838 cum
695 779 820 866 cortice
838 774 1021 847 confluens,
1039 777 1159 840 'exinde
1182 780 1211 840 in
1233 781 1314 844 nostris

123 929 125 938 s
230 872 358 943 varius,
379 867 519 940 rubens,
541 861 739 937 luscescens,
763 862 978 937 cinei-ascens,
999 859 1173 926 flavescens
1192 863 1236 924 vel
1249 863 1313 928 ssatt·

229 958 341 1021 virens
356 952 502 1034 margine
523 945 641 1010 effuso.
665 947 791 1008 Stroma
805 947 891 1008 varie
905 945 1088 1024 formatum,
1112 968 1150 1010 ex
1158 947 1313 1030 hemispbae

229 1041 301 1102 rico
321 1037 361 1099 ob
378 1036 470 1098 basin
489 1031 708 1114 angustiorem
734 1028 964 1112 subglobosum
988 1032 1089 1096 vele
1115 1031 1248 1115 pluribus
1266 1055 1312 1094 cou·

229 1121 405 1186 fluentibus
426 1115 667 1182 tuberculosnm
686 1113 948 1198 difformiterque
973 1117 1165 1198 elongatum,
1186 1115 1221 1177 ad
1241 1137 1310 1196 super·

229 1207 338 1268 ficiem
357 1225 397 1266 ex
422 1202 547 1265 ostiolis
565 1198 712 1282 pluribtis
726 1199 820 1282 nigro
833 1210 1062 1282 ·punctatum,
1093 1201 1253 1263 substantia
1273 1198 1307 1282 pul·

178 1329 185 1339 -
228 1291 396 1355 verulenta
416 1286 554 1356 citrina,
578 1283 616 1344 ad
636 1279 842 1365 superficiem
859 1281 1007 1362 indurata
1028 1283 1136 1357 fusca,
1157 1287 1255 1346 colore
1268 1285 1310 1346 bist

229 1378 269 1438 ab
293 1375 351 1435 illo
378 1371 469 1434 thalli
488 1390 553 1430 non
575 1369 671 1450 longe
694 1368 823 1430 diverso
853 1369 928 1444 (cir.
959 1371 1066 1432 adnot.
1095 1371 1134 1432 ad
1164 1370 1311 1432 tribunat·

226 1481 287 1541 pra
310 1481 340 1539 p.
366 1458 449 1532 150).
493 1452 673 1535 Apothecia
693 1453 727 1512 in
753 1451 880 1535 singulo
897 1466 1051 1516 stromate
1069 1475 1243 1525 numerosa,
1267 1471 1312 1512 cou-

217 1537 349 1607 'stantar
369 1561 494 1602 sursum
530 1536 920 1619 comeo-lageniformia,
959 1539 1078 1602 ostiolo
1095 1540 1196 1624 'quam
1209 1527 1250 1598 'in
1271 1533 1313 1596 aliis

129 1623 132 1631 ’
176 1701 179 1710 ¹
226 1627 400 1709 speciebus
413 1624 529 1685 latiore
538 1619 685 1686 verticuli
700 1622 855 1691 solitario,
867 1620 906 1681 ad
916 1621 1122 1703 superficiem
1134 1619 1312 1684 stromatislt·

225 1714 371 1783 sinente,
394 1728 456 1770 nec
475 1728 614 1791 unquam
630 1706 776 1786 pluribus
797 1703 1045 1770 confluentibus.
1085 1709 1210 1770 Thecae
1223 1701 1313 1767 lusilot·

224 1793 473 1874 mi-ellipticae
492 1783 669 1851 nonies'ad
693 1791 845 1874 trigesies
869 1792 1056 1870 annulatae,
1088 1798 1231 1876 septenae
1256 1799 1313 1851 oete

224 1899 325 1945 naeve
345 1877 429 1944 ascis
456 1873 609 1938 inclusae.

310 2004 433 2069 Crescit
463 2005 508 2065 ad
533 2003 685 2065 corticem
714 2003 869 2066 arborum
893 2028 996 2091 prope
1015 2003 1110 2070 Para'
1140 2017 1170 2070 et
1190 2005 1262 2068 inter
1278 1997 1314 2064 tit-

166 2084 168 2102 '
225 2093 292 2154 lam
314 2093 356 2154 do
379 2091 443 2152 Rio
464 2091 524 2150 ctas
544 2089 664 2151 Cantas
685 2099 717 2149 et
743 2087 922 2171 Marsicam
947 2098 957 2168 (
988 2091 1078 2154 lanta
1103 2090 1176 2156 Fe'ei
1201 2083 1316 2152 citant

223 2177 381 2240 Antericn
396 2176 441 2236 ad
458 2173 609 2236 corticem
632 2171 782 2235 &otonis
804 2115 1006 2238 Cuscorildie
1025 2199 1168 2240 necnon
1196 2175 1225 2237 in
1251 2169 1316 2234 Pen-

209 2251 278 2324 ὐἱα
296 2261 344 2322 ml
361 2259 519 2346 corticem
537 2255 774 2340 Bonplandiue·
788 2254 998 2344 trifoliatae).

311 2397 459 2460 Adnot.
481 2383 628 2457 Eandem
645 2411 776 2475 quoque
801 2390 981 2456 invenimus
1010 2395 1156 2477 speciem
1177 2393 1208 2454 in
1226 2385 1315 2450 cortici

217 2483 286 2545 bus
306 2477 501 2546 Cascarillae
524 2476 611 2537 iconi
630 2477 745 2538 citatae
759 2477 890 2539 omnino
909 2479 1173 2561 respondentem,
1193 2475 1249 2538 nisi
1263 2467 1315 2555 quel

226 2566 404 2640 substantia
425 2581 580 2624 verrucae
594 2559 733 2622 interior
748 2559 851 2621 albida
878 2561 940 2630 sit.
974 2564 1090 2626 exinde
1131 2557 1315 2642 Trypetbe·

223 2653 287 2714 lio
310 2646 558 2731 lagenifero
594 2644 740 2724 ejusdem
770 2646 904 2708 corticis
928 2648 1054 2710 incolae
1081 2647 1222 2720 accedat,
1252 2655 1315 2723 aqut

218 2736 331 2799 nonisi
356 2730 502 2795 verrucis
524 2728 794 2811 hemisphaericis
809 2730 862 2802 vix
888 2732 1120 2794 concoloribus
1150 2729 1253 2793 differt
1272 2741 1315 2784 not·

218 2835 283 2882 tra.
327 2824 376 2879 An
397 2817 472 2876 ideo
495 2813 833 2896 'Prypethelium
855 2815 1149 2898 lageniierum
1177 2812 1259 2892 hujus
1274 2801 1315 2868 loti

213 2906 276 2991 sit,
305 2897 561 2982 disquirendum.
614 2898 947 2979 Trypethelium
972 2898 1232 2984 SPrengelii
1257 2891 1315 2956 dcl

221 2985 404 3067 apotheciis
426 2981 568 3064 gaudens
592 2983 767 3042 secuudum
792 2982 869 3045 duas
886 2986 1004 3048 icones
1027 2986 1060 3046 in
1088 2987 1191 3048 Actis.
1230 2985 1315 3044 noso

121 3073 125 3080 ’
185 3082 189 3091 ’
220 3071 330 3133 viticis
353 3068 437 3130 etin
462 3063 741 3148 bichenographia
771 3068 944 3132 universali
957 3061 1154 3152 [perhibitas
1182 3075 1315 3131 constante

220 3153 367 3238 globosis
388 3163 532 3212 anostra
560 3163 625 3210 eta
646 3153 752 3230 planta
775 3148 850 3212 Fe'ei
872 3154 1053 3236 apotheciis'
1077 3169 1255 3218 constanter
1269 3151 1315 3225 ltgt

219 3238 293 3299 niso
312 3235 434 3299 rmibus
465 3253 526 3294 nec
567 3253 715 3318 unquam*
732 3235 878 3318 globosis
903 3251 1015 3303 onusta
1037 3261 1104 3301 non
1127 3240 1277 3303 diversunt
1294 3231 1314 3292 lt

213 3323 301 3384 -bere
335 3341 402 3381 non
425 3339 563 3401 possum.

216 3450 220 3459 .
313 3407 350 3466 Δ.
372 3404 493 3467 variu
509 3423 557 3476 m,
582 3402 797 3464 citrinum¹
814 3420 850 3484 †;
873 3419 978 3468 crusta
995 3407 1254 3492 hypopbloeoda,
1272 3412 1314 3462 stit

222 3476 641 3574 matesubhemisphaerico
671 3490 759 3550 intus
794 3503 950 3574 estusque
976 3493 1095 3556 citrino
1125 3488 1314 3576 pulverulentt

222 3573 404 3660 apqtbeciis
423 3593 494 3635 cum
510 3571 631 3634 ostiolo
650 3572 784 3636 dilatato
807 3573 1076 3658 lageniformibus
1092 3574 1296 3643 verticalibus.

308 3704 441 3768 Thallus
458 3701 724 3786 hypopbloeodes
744 3706 960 3788 praecedente
987 3711 1129 3785 tenuior,
1156 3709 1214 3772 sub
1232 3700 1314 3786 epila

224 3790 314 3854 mide
335 3791 436 3851 latens
462 3789 495 3848 in
515 3789 633 3850 nostris
655 3795 794 3874 amoene
810 3793 958 3867 lilacina,
981 3793 1020 3859 ad
1039 3794 1214 3860 confinium
1229 3773 1314 3852 lated

223 3874 478 3961 gro-limitatus.
532 3874 659 3934 Stroma
689 3873 834 3956 ejusdem
867 3877 992 3940 formae
1028 3894 1061 3944 et
1094 3877 1314 3942 substantias!

220 3959 440 4044 praecedens,
472 3956 528 4017 scd
548 3957 670 4019 ambitu
693 3982 759 4042 non
783 3960 933 4022 indurato
979 3984 1042 4028 nee
1078 3963 1247 4028 obscurius
1268 3949 1314 4018 coit

219 4061 303 4120 rato,
327 4066 365 4106 au
381 4043 423 4105 ob
439 4041 639 4124 juventutem
661 4043 711 4107 vel
736 4045 974 4124 vegetationem
991 4047 1238 4132 depauperatam
1254 4042 1313 4104 sliat

221 4147 262 4192 ve
279 4148 418 4202 oensem,
441 4147 507 4188 Ποῦ
522 4125 636 4211 liquet.
678 4127 860 4210 apothecis
873 4145 908 4199 et
925 4133 1042 4197 thecae
1058 4128 1288 4222 praecedentis.

308 4255 428 4318 Crescit
457 4255 501 4352 nd
521 4255 676 4318 arborum
706 4253 859 4325 corticem
893 4287 998 4349 prope
1023 4263 1189 4343 Batiam,
1221 4279 1276 4321 con
1290 4271 1313 4312 n

223 4334 346 4416 mallo,
375 4350 412 4402 ut
431 4339 571 4420 vedetur,
593 4339 766 4410 lichenoidi
778 4343 1013 4430 flacooirenti,
1041 4349 1096 4417 sed
1123 4337 1312 4438 Sptaent
