2688 4898
361 311 541 372 Lacaenas.
579 310 741 371 nucinas.
1051 309 1114 374 251

33 503 163 554 nescente.
202 493 313 572 Margo
334 501 404 554 atet·
423 487 551 551 nitidus
572 486 795 570 prominulns,
824 509 898 551 mox
918 500 992 569 post
1013 485 1130 567 expli,

32 577 159 637 rationem
178 569 355 646 flexuosus,
388 574 629 656 apotheciorum
654 573 730 634 hinc
750 572 870 634 ambitu
890 568 1117 654 irregulariter

31 659 173 719 arenulato.
216 658 343 721 Thecaa
371 677 506 742 parrae,
537 656 716 739 ellipticae,
737 658 888 742 utrinque
914 654 1115 736 cuspidatim,

31 743 107 802 scncl
126 739 293 804 annulatae.
456 741 462 754 ⁵

92 852 202 916 Crescit
232 855 277 918 ud
307 853 456 918 corticem
490 859 643 917 arborem
683 851 979 936 semperuirentium
1012 873 1115 935 prope

30 935 138 1032 Ccylile
163 934 299 1020 confinis
322 936 555 1002 Thelotrcmuli
581 937 708 1000 occulto
740 948 771 1000 el
800 935 1007 1000 Pertusariue
1028 957 1114 998 com·

28 1042 103 1081 muns.

88 1136 218 1199 Adnot.
258 1133 405 1201 Affinitas
436 1140 563 1224 plantae
596 1151 724 1200 nostrae
754 1151 818 1200 non
844 1135 976 1222 ‘absque
1008 1134 1113 1198 dubiis

29 1229 76 1291 est,
99 1239 162 1280 cum
187 1234 294 1283 crusta
316 1222 355 1283 ab
378 1222 433 1284 illa
461 1221 595 1285 conlinis
627 1222 951 1284 'l'h'elotrematis
982 1217 1111 1281 nonnisi

30 1303 140 1364 crassitie
169 1304 289 1386 majore
325 1302 473 1383 differat3
515 1308 589 1368 hinc
619 1319 751 1388 possent
784 1325 913 1390 quoque
944 1301 1113 1386 apothecia

30 1403 79 1443 esse
103 1388 272 1450 Le'cidea
305 1389 775 1454 elbo-coerulescentia
813 1389 863 1450 vel
897 1391 933 1450 L.
971 1387 1112 1452 conti-

29 1487 99 1547 guae
125 1465 210 1532 Fries
235 1468 311 1533 liele.
338 1493 407 1536 ecs.
435 1489 482 1534 πθ·
507 1473 586 1549 376,
620 1479 717 1558 (quac
746 1485 878 1555 utraque
901 1471 1035 1534 subinde
1057 1492 1110 1530 ru-

27 1550 142 1630 bescunt)
170 1555 202 1616 in
227 1556 395 1618 matricem
415 1569 592 1622 creatumve
616 1561 749 1620 alienam
771 1556 933 1638 emigrata.
978 1553 1113 1617 Accedit

28 1653 124 1720 quoque
143 1640 388 1722 speciminulum
416 1639 523 1723 junius
546 1643 674 1731 plentee
700 1653 829 1701 nostrae
861 1639 899 1700 ed
923 1637 1113 1700 Patella·

25 1719 96 1780 riam
121 1723 435 1806 multipunctam
463 1717 586 1808 Hoffiit.
617 1721 666 1785 Pl.
704 1720 778 1784 licit.
808 1721 875 1787 leb.
904 1733 950 1798 ιιι,
983 1714 1050 1804 fig.
1074 1740 1112 1799 e,

25 1799 51 1860 ab
66 1805 242 1869 ductoribus
268 1807 306 1868 ud
328 1809 455 1890 specics
484 1809 559 1870 duas
584 1828 658 1872 mox
680 1805 790 1869 citatae
813 1807 955 1868 relatam.
1000 1807 1113 1867 Crusta

24 1881 77 1946 luic
92 1891 299 1972 speciminulo
319 1890 441 1972 juniori
462 1893 608 1968 tenuior,
623 1891 733 1976 magis
755 1891 921 1974 laevigata,
946 1887 1114 1971 apothecia

25 1969 116 2035 uincta
143 1975 393 2057 punctisormia,
425 1989 590 2041 etrnmura'
620 1997 696 2044 vero
722 1974 896 2062 generice,
930 1969 1111 2056 perithecio

28 2054 55 2111 ad
69 2057 190 2120 uedrnm
211 2060 388 2144 impressa.

279 2293 307 2346 t·
342 2299 542 2372 acernea
591 2300 766 2352 rrrosa.
802 2287 820 2352 l

78 2434 108 2494 t.
136 2448 248 2497 crusta
276 2436 437 2535 pranulata
465 2449 498 2496 et
525 2437 818 2501 rimoso-areolam
847 2430 1112 2496 cinereo-vires·

19 2525 101 2608 tecle,
140 2518 324 2602 apothecrie
360 2518 587 2584 subsessilibus
619 2521 741 2602 planis,
781 2519 907 2580 demum
939 2515 1111 2587 convexis,

20 2601 122 2676 crosis,
156 2602 307 2688 margine
342 2621 573 2680 evanescente,
615 2602 759 2685 pluribus
800 2621 896 2685 saepe
916 2597 1113 2682 'aggregatis
1144 2650 1149 2659 ,

19 2679 233 2748 confluentibus.
1102 2677 1109 2690 ⁸

73 2771 198 2834 Thallus
245 2783 428 2832 crustaceua
467 2790 579 2832 versus
623 2769 776 2833 ambitum
820 2763 1115 2829 fusco-limitatum

24 2851 92 2912 anuis
113 2854 151 2917 ad
176 2857 302 2918 lentem
330 2853 479 2916 radiatim
508 2852 712 2938 effiguratos,
744 2854 777 2913 in
803 2851 910 2912 medio
929 2867 1064 2914 accessus
1095 2869 1114 2910 a

22 2936 124 3004 ranulis
152 2937 361 3024 conglobatis
381 2937 547 3000 ereoletim
569 2937 746 3010 secedens,
775 2934 951 3019 persistens
974 2950 1034 2992 neo
1056 2930 1111 2995 de·

18 3027 72 3078 'lum
92 3023 356 3104 pulverulentus,
386 3021 672 3084 cinereo-virens.
715 3019 894 3102 Apothccia
921 3015 960 3076 ad
986 3029 1111 3078 crustae

24 3115 102 3167 artem
121 3107 265 3170 mediam
288 3105 460 3180 collectae,
490 3105 716 3188 magnitudinis
740 3104 883 3176 mediae,
913 3100 1112 3171 subsemilia,

24 3185 106 3252 miore
133 3191 234 3272 plane
258 3190 452 3263 matinata,
485 3189 614 3262 vinosa,
647 3189 789 3272 margine
820 3185 929 3270 potius
959 3183 1113 3266 opeciore

23 3289 76 3331 mm
95 3273 276 3350 dilutiore,
305 3209 410 3336 adulta
431 3291 573 3334 convexa
595 3287 627 3336 et
650 3271 791 3335 flexuose
813 3271 956 3354 margine
979 3287 1113 3330 evanea-

15 3367 91 3430 tnte,
113 3358 225 3421 rarius
247 3356 407 3430 solitaria,
429 3350 560 3438 ‘saepius
587 3357 679 3437 plura
703 3369 892 3440 aggregata,
922 3350 1113 3435 conglobata

15 3455 77 3522 ¹tque
95 3438 269 3526 globulum
290 3437 501 3518 confluentia,
526 3440 651 3504 demum
672 3440 758 3503 sicce
777 3437 980 3524 nigricantia.
1024 3435 1113 3519 Apo·
1136 3493 1139 3498 .
1218 3443 1221 3450 '

22 3526 161 3588 seriorum
183 3525 304 3588 lamina
326 3545 442 3586 crasse.
672 3542 674 3550 ’

51 3615 190 3704 'Crescit
212 3639 249 3704 in
271 3638 390 3700 cortice
410 3638 564 3701 arborum
583 3659 685 3721 prope
707 3634 858 3700 Balciam.

17 3763 18 3766 ’
61 3756 210 3819 Adnot.
244 3755 373 3836 Species
399 3755 541 3838 quamvis
570 3775 635 3816 uon
664 3754 769 3828 omni,
805 3775 866 3838 qua
896 3753 1009 3828 dehet,
1050 3749 1113 3812 fide

15 3837 119 3912 odite,
149 3840 241 3902 nulli
266 3839 322 3902 alii
345 3840 522 3902 corticolee
549 3839 731 3921 descriptae
754 3839 854 3898 tutius
880 3833 1112 3919 subjungenda.

15 3926 87 3986 'toad
109 3925 209 3986 thalli
234 3923 522 3986 conformationem
538 3925 771 4006 apothecisque
791 3921 868 3984 hinc
893 3921 1022 4000 saepius
1037 3938 1111 3979 con·

18 4023 150 4072 >meraca
199 4022 332 4070 nostrae
364 4008 508 4088 proxima
550 4007 728 4070 Lecidea
778 4006 969 4068 rivulose
1017 4000 1111 4064 Aah.

16 4133 30 4156 2.
50 4090 416 4176 contigua‘Friee,
445 4089 653 4154 Schedcrit.
679 4107 725 4150 11⁰·
744 4088 817 4165 380,
842 4091 878 4149 L.
901 4084 1111 4148 ilochiane

18 4193 109 4260 epp,
143 4176 290 4240 Schir.
313 4172 421 4258 spicil.
450 4174 536 4252 131„
570 4195 651 4260 quae
677 4175 780 4238 varies
807 4171 870 4236 sibi
892 4163 1112 4250 'comprohen-
1160 4173 1162 4182 “

15 4276 48 4322 nt
75 4262 217 4342 species
249 4258 468 4337 acherianae).
519 4257 666 4322 affinitas
702 4267 870 4340 praeterea
898 4274 970 4315 cum
1001 4253 1112 4335 specie

15 4361 44 4416 tx
65 4357 255 4431 aequente,
283 4345 321 4406 1..
342 4343 520 4418 vernali,
556 4331 717 4425 impiimis
738 4361 811 4411 cum
830 4336 1020 4401 Lichena
1049 4337 1111 4410 si-
