2760 4922
363 313 546 380 Incussus.
569 310 766 379 osanam.
1091 307 1135 388 ⁹1,

55 497 252 584 apodeciorun
275 494 315 559 alr
347 495 500 560 omnibus
526 493 658 579 generis
689 491 862 574 speciebus
888 489 1062 567 distinetsa
1091 484 1136 550 uls

54 597 138 647 statum
157 604 229 645 vero
248 579 454 664 speciminis,
476 579 587 654 unici,
610 580 645 642 ni
664 577 784 655 fallor,
813 575 976 659 juniorem
997 595 1063 638 nou
1081 587 1138 672 sc·

54 669 161 730 cunnus
188 663 375 730 efficienda.
418 662 599 747 Supeffioie
628 663 722 746 plana
745 661 872 726 accedit
898 661 939 726 ad
960 653 1140 742 Grapha-

54 752 118 813 den
133 753 428 834 plstyearpsm,
449 769 534 836 quse
546 749 672 814 veroin
688 745 797 812 medio
807 761 904 812 acute
918 745 1033 808 rimata
1045 739 1137 805 eliis*

53 857 96 919 qne
112 835 182 898 notis
201 831 323 898 differt.
851 869 854 877 ·

112 942 233 1005 Adnot.
256 939 302 1004 sd
323 959 467 1024 genus.
513 939 652 1002 Praeter
678 938 806 1022 species
833 960 931 1023 supra
956 934 1136 1024 descriptus

55 1025 190 1107 specimina
208 1026 271 1089 tria
293 1024 447 1088 habemus
469 1023 503 1086 in
523 1023 662 1108 regione
683 1023 837 1087 Parasinsi
864 1023 947 1088 lecte
970 1023 1010 1089 ad
1031 1023 1136 1106 Ope·

55 1109 201 1193 graphan
221 1107 788 1197 uerrucarioidemtdcharii
810 1107 1027 1192 pertinentia;
1059 1128 1134 1188 cnm

55 1195 115 1255 haec
131 1216 189 1258 reru
212 1214 285 1256 cum
306 1193 455 1256 omnibus
481 1191 690 1256 varietatibus
718 1193 848 1256 nonnisi
875 1195 1034 1256 variarum
1058 1215 1137 1278 spe·

57 1278 143 1339 cleron
160 1278 407 1342 deformationes
429 1297 501 1340 csse
521 1277 687 1352 rideatur,
718 1290 829 1340 nostra
850 1277 903 1340 eui
921 1277 1157 1342 adscribenda‘

59 1361 102 1422 sint
115 1363 214 1443 speciei
241 1365 438 1447 ignoramus.
480 1361 517 1424 ld
536 1361 668 1446 quidem
691 1382 753 1445 pro
781 1375 872 1424 certo
897 1361 1069 1438 habemns,
1092 1351 1135 1428 ad

59 1445 110 1506 duas
127 1449 275 1528 pertinere
297 1447 442 1531 speciest
471 1445 511 1508 ed
537 1447 703 1528 priorem,
738 1466 821 1530 quae
849 1445 968 1510 habent
992 1461 1137 1524 crustam

56 1529 252 1614 sublaetigstam
265 1529 515 1596 cressioscnlam
527 1529 665 1592 albidum
681 1526 995 1594 subcinersscentem
1011 1531 1046 1593 in
1057 1553 1137 1596 con·

57 1611 108 1676 linio
125 1616 207 1700 nigro
223 1651 235 1666 ·
251 1616 479 1698 marginalem,
514 1611 684 1698 apothecia
719 1614 870 1682 immersa
904 1615 1068 1696 conserte,
1100 1615 1137 1680 iu
1218 1672 1224 1683 ,

58 1698 122 1760 unico
135 1700 305 1782 specimine
331 1699 437 1763 omnia
461 1695 613 1782 globosa,
643 1697 712 1761 basi
736 1697 886 1782 integra,
916 1701 1037 1765 ostiolo
1066 1719 1138 1764 sae·
1177 1770 1180 1781 ι

58 1781 105 1861 pin
124 1785 259 1860 dilatato,
296 1783 483 1867 perithecio
511 1802 650 1864 superne
674 1783 767 1867 quasi
793 1795 928 1864 pertuso
954 1783 1008 1849 rel
1029 1783 1139 1848 dehis·

58 1879 133 1944 cente,
157 1869 188 1932 in
210 1868 315 1933 altero
339 1867 519 1950 specimine
544 1865 699 1930 nonnulla
717 1867 978 1932 ovato-linearia
998 1869 1140 1932 rectius·

58 1949 103 2010 culs
118 1967 144 2014 et
158 1975 265 2037 parum
283 1951 431 2014 flexuosa
450 1951 563 2015 rimata
577 1951 743 2036 prioribus
758 1951 835 2014 hinc
850 1952 925 2016 inde
942 1953 1140 2019 intermixta·

58 2033 171 2098 Nuclenm
181 2037 311 2101 nonnisi
328 2037 361 2098 in
373 2035 540 2116 prioribus,
553 2035 804 2128 observavimus,
826 2051 862 2101 ut
879 2037 1022 2121 speciem
1033 2040 1143 2124 potius

58 2117 298 2186 learnesriae
327 2121 593 2196 adnumeremus,
628 2120 756 2185 simodo
791 2141 931 2222 unquam
957 2121 1052 2204 hujus
1085 2124 1143 2200 de·

60 2207 252 2281 generationem
273 2207 311 2268 in
333 2204 605 2287 Graphidlem,
628 2204 782 2269 similiter
795 2225 834 2270 se
850 2227 1034 2284 inversum,
1055 2228 1142 2272 com-

58 2302 141 2366 pettam
157 2289 358 2356 haberemus.

111 2395 200 2460 Alteri
228 2395 356 2481 speciei
383 2393 597 2458 adscribimus
625 2394 791 2478 specimen
815 2409 923 2460 crusta
944 2399 1143 2486 inaequabili
1166 2443 1169 2452 .

56 2475 389 2558 cinereo-vireicente,
433 2479 613 2564 apotheciis
643 2480 749 2544 minus
771 2481 934 2546 immersis
958 2483 1035 2548 hino
1063 2486 1142 2552 inde

58 2561 263 2640 confluentibus,
284 2565 357 2628 aliis
380 2561 527 2647 globosis
546 2563 599 2626 tel
614 2567 746 2628 astomis
767 2567 819 2628 tel
838 2569 999 2632 ostiolatis
1016 2583 1048 2633 et
1066 2571 1143 2656 sub3·

61 2647 190 2725 pullatis,
220 2652 275 2714 rel
296 2649 438 2711 rimatim
476 2645 740 2731 difformiterque
759 2651 969 2732 'aperiendis,
1013 2655 1147 2736 pancio·

64 2727 118 2792 tibus
130 2733 301 2798 linearibus
314 2732 469 2798 breuibus
487 2731 613 2794 rimatis
628 2729 756 2796 demum
774 2734 896 2818 apertis
912 2736 1145 2806 canaliculstis.

399 2932 451 2989 111.
486 2932 706 2990 OXYSTOMA.
739 2933 759 3002 *1-

110 3063 302 3134 Esedsoeider
322 3065 412 3153 Syos.
435 3065 532 3132 Liela.
552 3091 588 3154 ρ.
613 3081 661 3148 sd.
681 3063 750 3154 fig.
774 3073 806 3138 5.

112 3173 297 3260 Opegrspha
320 3176 513 3256 Oxystoma‚
538 3173 693 3278 Frieslpl.
709 3174 838 3240 dromon.
855 3201 891 3264 p.
909 3183 983 3266 273.

121 3283 426 3382 Apotheeium
449 3283 588 3356 lineare
614 3285 923 3382 immerginatum,
949 3317 1146 3381 ramosum,

58 3373 349 3473 oberlindricum,
386 3407 530 3454 sonsum
557 3383 876 3479 longitudinaliter
894 3415 1147 3489 compressum

61 3469 229 3592 rhapheque
261 3480 496 3579 prominente
530 3482 747 3572 dehiscens,
780 3487 986 3583 perithccio
1014 3490 1148 3566 carbo-

58 3590 136 3646 lteeo
156 3595 311 3674 rntegro.

120 3697 308 3772 Thallus
334 3718 560 3774 erustaceus.
910 3717 944 3764 '1

110 3815 250 3882 ddunt.
293 3823 405 3884 Genus
425 3843 441 3881 a
460 3820 607 3905 proxima
628 3821 856 3904 Graphidis
876 3825 1023 3890 sectione
1045 3829 1150 3910 Ope·

54 3899 177 3978 arepha
206 3917 283 3964 nota
307 3905 493 3978 essentiali,
525 3907 698 3970 eminentia
725 3907 877 3971 nimirum
904 3912 1151 3992 a'potlreciorum

54 3970 244 4060 longitudinali
263 4002 353 4050 acuta
370 4011 431 4070 pro
447 3989 548 4064 rima,
571 3992 688 4060 nucleo
706 3990 801 4065 hinc,
825 3994 852 4054 si
871 4015 941 4058 curn
966 3999 1150 4098 Oeagro-

55 4059 109 4136 Pha
129 4071 197 4143 (cir.
220 4073 330 4135 adnot.
354 4071 430 4135 hoio
460 4073 675 4157 subjunctam)
697 4095 885 4158 comperes3
909 4082 995 4166 quasi
1023 4083 1152 4166 resupi-

54 4157 107 4207 nato
129 4151 321 4234 distinctum.
372 4159 533 4238 Apertura
561 4159 662 4244 igitur·
689 4162 854 4244 apothecii
883 4167 1021 4248 perinde
1045 4185 1083 4229 ac
1115 4169 1151 4232 in

54 4223 275 4303 Pyrenastro
308 4254 341 4301 et
371 4244 659 4320 Astrothelio‚
693 4247 868 4330 generibus
896 4251 1040 4335 analogis
1073 4275 1151 4336 pro·

58 4306 125 4411 ducta
141 4335 204 4400 est,
226 4343 288 4388 nec
308 4347 373 4388 non
392 4329 568 4390 eorundem
594 4331 634 4392 ad
659 4331 789 4392 modurn
815 4331 849 4416 in
873 4335 984 4416 specie
1003 4359 1080 4403 mox
1097 4339 1153 4403 de-

58 4400 192 4470 sunbenda
208 4412 336 4492 saepius
355 4411 544 4494 apothecis,
574 4415 665 4502 plura
681 4431 819 4479 connata
837 4435 921 4484 suut.
