2688 4898
222 269 288 336 2781
582 261 765 321 Lacaenas.
805 259 987 322 carnosus.
1051 276 1054 287 ’

227 465 370 516 corneo,
401 441 440 503 ab
469 439 542 501 aliis
574 436 793 521 Clade-niis
815 438 987 508 recedant,
1005 436 1045 498 'in
1063 437 1227 518 proprium
1245 459 1318 522 genua

227 531 381 610 redigere
401 525 454 586 vel
481 545 553 584 cum
581 523 796 608 Dusouaerea
824 523 916 584 Ach.
947 543 1069 605 genere
1097 521 1242 604 ambiguo
1266 525 1317 600 (clu.

228 635 323 695 supra
344 611 450 671 adnot.
471 609 510 668 ad
530 607 657 690 generis
677 607 894 668 'characterem
917 627 949 688 p.
974 606 1061 682 abu.)
1091 605 1277 688 coniungere
1294 630 1320 668 eu

227 701 334 760 minus
367 689 534 775 hucusque
568 693 739 764 convenit,
780 709 852 750 cum
892 689 1060 771 apothecis
1093 691 1171 750 talia
1207 706 1319 751 excavata

226 781 359 842 minima
380 779 414 837 in
435 775 583 857 pluribus
605 795 733 860 quoque
752 774 906 836 sectionis
925 773 1151 855 praecedentis
1173 776 1319 858 speciebus,

227 867 256 928 si
278 861 480 947 perspicillio
501 861 636 929 lustras,
671 860 817 936 invenies
832 860 936 940 ·(quae
959 858 1067 919 forsan
1088 880 1150 938 pro
1177 859 1318 938 apothecis

146 979 153 994 ν
227 947 384 1012 abortivis
413 945 558 1005 habenda
582 945 689 1021 sunt),
719 943 815 1003 immo
839 964 1065 1026 nonnunquam
1091 941 1258 1024 apothecis
1279 965 1318 1002 nu·

226 1034 297 1116 jora
319 1027 519 1092 disciformia
546 1041 580 1090 et
605 1026 780 1111 marginata
809 1027 842 1088 in
864 1026 1080 1088 Cladouiis
1107 1025 1266 1110 indigenis
1286 1047 1318 1088 ot·

227 1129 368 1180 currunt.

313 1227 429 1324 Quoad
444 1227 579 1288 formam
600 1225 841 1309 apotheciorum
863 1225 1010 1308 proxime
1031 1225 1083 1287 Cl.
1109 1239 1317 1309 aggregatae

227 1314 355 1378 accedit
384 1312 593 1374 Dufourea
624 1324 810 1372 tortuosa
839 1313 941 1372 Nees
973 1310 1018 1370 ab
1050 1312 1203 1380 Esanb.
1230 1309 1316 1390 (Horu

226 1393 340 1458 Berol.
371 1418 407 1477 p.
429 1395 481 1469 43.
509 1397 574 1455 tab.
594 1397 625 1458 5.
647 1387 715 1478 fig.
735 1397 781 1469 a.)
811 1389 893 1478 quae
923 1394 1067 1475 margine
1102 1393 1246 1457 thallotle
1273 1417 1319 1478 gau·

142 1483 147 1506 ⁸
228 1482 307 1544 dere
330 1502 397 1542 non
425 1480 573 1551 videtur,
614 1477 656 1540 ob
686 1478 778 1542 thalli
812 1493 954 1539 naturam
977 1499 1054 1541 vero
1077 1497 1149 1538 eum
1172 1479 1317 1541 Licbeuu

226 1562 695 1646 madreposiformi-(clr.
719 1583 813 1644 supra
831 1563 937 1625 adnot.
960 1584 992 1643 p.
1015 1561 1102 1638 aba.)
1131 1563 1166 1622 in
1193 1565 1320 1647 proprian

227 1652 405 1712 sectionem
435 1647 616 1728 colligenda
638 1646 689 1712 vel
718 1647 757 1708 ad
779 1645 909 1728 primam
930 1646 1099 1708 referenda
1118 1661 1191 1720 est,
1221 1647 1320 1710 caeteris

226 1735 472 1798 Dufoureae
510 1731 603 1792 ech.
645 1731 817 1814 speciebus
853 1732 892 1792 aul
933 1731 1189 1792 Parmeliam
1226 1731 1318 1802 relatis,

228 1816 319 1897 cujus
349 1815 513 1898 propriam
541 1813 741 1877 constituunt
770 1816 966 1887 sectionem,
1003 1813 1096 1877 novis
1126 1815 1317 1878 accedentibu

228 1900 407 1983 speciebus*
440 1920 505 1960 non
546 1899 740 1983 descriptis,
793 1913 827 1960 ut
857 1899 1072 1981 ‚Pau-melta
1105 1901 1317 1978 (Dulouutul

226 1984 409 2068 ¹‹ligitata
438 1985 476 2046 N.
500 2003 518 2044 c
540 2003 609 2068 cap.
631 1983 664 2046 b.
686 1983 757 2068 spei
779 1979 895 2062 (Herb.
917 1979 1079 2064 Zeitari).

441 2187 748 2262 lacunosae
797 2213 1085 2262 accnneaua.
1194 2238 1203 2250 .

312 2349 362 2413 Cl.
378 2347 519 2432 pocletiis
535 2329 754 2434 cartilagineis
771 2347 916 2412 flexuoso
927 2329 1070 2411 ‚erectis
1086 2345 1325 2411 listuloaimano·

229 2433 365 2496 cissimis
386 2434 499 2495 nitidis
517 2433 851 2498 alutaceo-virentibus
871 2434 996 2501 demum
1015 2433 1237 2495 subcastaneia
1251 2430 1337 2512 nagiap

229 2519 375 2580 minusve
400 2517 655 2578 subrcticulatim
676 2519 837 2598 pertusis,
865 2518 962 2580 ramis
984 2518 1186 2600 ramulisque
1216 2511 1337 2579 dicbuto'

228 2604 290 2666 mis
314 2599 510 2664 abbreviatis
532 2602 727 2683 patentibus,
750 2603 931 2683 apotheciis
951 2602 1084 2664 minutis
1103 2601 1327 2686 subcorymboat

226 2687 410 2771 aggregatis
433 2687 593 2747 excavatis
615 2689 800 2771 marginatis
822 2687 952 2749 fuscia

314 2803 467 2874 Cladonja
497 2816 688 2886 aggregata,
732 2799 871 2867 Sourta.
901 2797 954 2866 Fi.
983 2797 1057 2863 Ind.
1088 2799 1195 2866 occid.
1225 2798 1283 2864 III.
1309 2817 1326 2876 p·

251 2934 254 2944 .
361 2889 450 2966 1915.
474 2922 515 2936 -ψ
536 2885 652 2960 Ejusd.
674 2883 770 2947 Lict.
795 2885 925 2951 ameris.
950 2887 1058 2971 9:⁴¹7·
1087 2885 1155 2947 tab.
1192 2883 1277 2950 XII.
1288 2875 1326 2964 bu

358 2989 386 3034 2·
411 2969 488 3064 (nec
505 2967 643 3048 Flo'rbe,
666 2981 834 3035 comment.
862 2991 957 3031 trouu.
985 2992 1018 3053 p.
1048 2972 1132 3050 ¹70·)

314 3087 495 3165 Cenomyce
518 3087 757 3162 Cornicularia,
785 3081 894 3151 Lacr.
916 3083 1015 3147 Herb.
1037 3082 1121 3147 Stich.

315 3201 494 3280 Cenomyce
515 3197 828 3284 terebanta‚=ejusd.
850 3201 885 3263 in
905 3199 1075 3280 Limnaeo,
1098 3199 1145 3265 II.
1173 3223 1217 3284 p.
1240 3201 1285 3279 43.

311 3316 466 3380 Cladonia
487 3319 649 3464 teregnum
672 3331 705 3380 et
726 3293 1042 3385 Cornicularia'Ftt.
1065 3331 1248 3383 comment.
1267 3333 1327 3380 noue

353 3423 387 3482 p.
415 3423 472 3484 ¹79
493 3413 524 3463 et
548 3427 558 3462 u
587 3425 615 3464 o.

314 3517 512 3678 Pygcngghela
532 3518 698 3606 retipora‚
736 3481 818 3602 Fae,
849 3517 871 3583 1.
902 3540 930 3580 a.
952 3517 1070 3582 introd.
1091 3515 1270 3586 XCVIII.
1296 3529 1319 3578 ta

377 3646 385 3664 ·
443 3623 476 3680 g·
498 3625 530 3685 9·
1058 3619 1059 3628 ¹

315 3691 422 3778 Tballi
442 3717 528 3780 nulla
555 3735 710 3804 apparent
730 3720 865 3802 vestigia
886 3741 928 3784 ne
958 3699 1089 3804 quidem
1113 3720 1148 3781 iu
1172 3679 1331 3804 specimir'

230 3799 291 3862 ltus
311 3800 493 3882 junioribus
516 3805 677 3879 minimis,
706 3826 788 3890 quae
814 3805 883 3866 basi
906 3826 960 3866 sua
983 3805 1157 3866 dilacerata
1185 3803 1327 3870 museto

125 3895 127 3904 ’
231 3887 490 3970 Jungermanniis
513 3901 600 3950 arcte
623 3889 800 3962 inhaerent,
824 3891 882 3962 (ne
898 3890 1074 3969 specimina
1096 3895 1279 3972 sequentis
1295 3905 1329 3966 ot·

231 3971 297 4032 cici
326 3971 443 4034 dubiae
464 3972 644 4050 praesentis
674 3973 850 4052 caespitulo
883 3973 1026 4035 immixta
1054 3972 1117 4034 buc
1146 3970 1331 4053 pertineat

231 4055 368 4120 Podalia
390 4055 429 4116 ab
450 4055 545 4116 initio
566 4055 720 4128 fistulosa,
742 4056 868 4136 juniora
890 4057 1066 4140 gracillima
1086 4058 1159 4119 sere
1183 4055 1321 4122 filisorni

231 4140 458 4212 saranescum,
487 4139 616 4220 saepius
648 4139 773 4222 integra
794 4141 1033 4222 (impensorum)
1064 4141 1272 4204 foraminum
1294 4145 1326 4200 lut

234 4218 502 4299 impressionibus
531 4223 603 4298 (ubi
633 4224 807 4286 substantia
833 4226 957 4306 podetii
980 4225 1110 4287 tenuior
1138 4225 1280 4290 demum
1298 4243 1323 4286 at

233 4305 353 4380 nescit)
375 4319 505 4384 notata3
527 4305 686 4369 adultiora
708 4309 841 4371 semi-ad
852 4309 1026 4372 blancialia
1037 4310 1267 4396 inaequaliter
1285 4311 1335 4370 tae
