2688 4898
211 301 276 368 214
574 283 759 354 Lucrinum.
799 290 983 353 varunna.

215 473 491 551 beo-luscesceus,
513 469 598 535 inira
618 471 722 572 (guod
740 465 956 534 inStictarum
969 469 1240 554 juventutesolat
1261 476 1334 556 euseb

219 559 352 625 densius
369 556 761 640 'fusco-nigro·vrllosus
784 555 942 638 cyphcllis
969 555 1130 620 immersis
1152 555 1247 620 albis.
1285 561 1334 622 be

221 644 326 712 ciniae
349 641 528 724 elongatae,
551 639 762 715 sublineares,
783 653 932 724 patentes
960 653 993 702 ct
1016 639 1224 717 divaricatas,
1249 664 1334 726 oppo-¹

222 729 314 806 sitae,
348 726 402 788 vix
423 745 561 806 uuquam
599 727 659 801 (ut
684 724 719 784 iu
742 723 839 787 icoue
869 724 990 803 citata)
1012 724 1225 800 subalternae,
1261 730 1329 808 apice

222 809 422 882 rotundatas,
444 807 581 870 subinde
610 807 730 871 sensim
752 821 955 890 augustatae,
987 809 1092 870 rarius
1122 809 1174 889 (ut
1199 809 1240 870 in
1267 811 1328 872 adal·

221 895 385 970 tionibus)
422 889 625 954 edivisioue
658 892 794 954 ulterius
820 891 1053 975 progrediente
1081 907 1328 958 retuso-trunca·

222 993 286 1057 tae,
310 991 343 1040 et
360 975 446 1060 quod
457 976 629 1059 singulare,
648 977 757 1059 plures
775 974 847 1039 folii
864 976 1016 1038 adinstar
1033 975 1325 1062 phanerogamaran,

223 1059 445 1130 nervomedio
463 1058 690 1142 longitudinali
707 1081 821 1125 tersus
840 1060 963 1144 apicem
980 1076 1194 1127 evanescente
1211 1076 1323 1126 notans

308 1173 429 1238 Crescit
450 1175 494 1256 ud
514 1174 603 1260 ripas
612 1171 720 1258 fluuii
740 1175 960 1240 Amazonum.

308 1315 346 1378 r.
367 1314 681 1392 damascenas,
702 1272 933 1400 wasgsitu
962 1311 1200 1377 statuuntur·
1220 1311 1326 1396 ..spu-

224 1397 365 1462 natifidis
393 1399 586 1476 latioribus,
617 1400 816 1485 marginibus
844 1399 1021 1463 sublobatis
1050 1396 1336 1481 flexuoso-crispis

225 1483 476 1568 pulvinuliferis,
499 1483 609 1546 subtus
637 1483 1014 1569 nigro-fusco·villosis
1035 1481 1271 1566 cyphellileris.

309 1600 410 1665 Sticta
432 1598 652 1664 damascornis
673 1602 707 1682 β)
730 1599 909 1684 Weigelii,
930 1597 1017 1662 Aclt.
1037 1595 1245 1684 Liclaeuugr.
1267 1595 1329 1660 unit.

345 1705 381 1765 ρ.
403 1681 475 1774 [sub.
498 1719 541 1732 --
570 1682 685 1784 ddjusd.
708 1687 791 1767 Syn.
808 1706 843 1767 p.
868 1683 939 1747 231.

309 1819 515 1902 specimina,
546 1835 657 1884 nostra
690 1821 835 1895 sterilia,
876 1819 1147 1903 praecedentibus
1168 1819 1332 1894 simillima,

226 1902 284 1966 sed
305 1903 473 1977 adultiora,
495 1905 627 1986 majora,
649 1905 811 1968 multoties
833 1904 935 1968 divisa
957 1919 990 1968 et
1011 1905 1168 1988 rigidiora
1190 1904 1335 1966 subcoria·

227 2007 295 2050 csa.
336 1987 490 2050 Laciniae
511 1989 661 2063 latiores,
684 1989 854 2052 latitudine
882 1989 954 2052 iere
974 1987 1222 2071 semipollicari,
1247 1988 1334 2050 subtus

227 2072 323 2155 nigro
342 2107 354 2120 ·
372 2071 570 2135 luscescenti
584 2109 597 2122 -
613 2073 769 2147 villosae,
821 2074 929 2135 lobato
949 2109 962 2122 -
979 2069 1213 2156 pinnatifidae,
1251 2071 1334 2153 pinnis

225 2155 496 2243 labaro-incisis·
517 2157 608 2239 apice
640 2157 716 2220 hinc
755 2157 844 2220 varic
871 2157 1016 2219 formatis
1055 2157 1269 2238 emarginatis
1299 2153 1335 2216 sal

225 2240 429 2314 rotundatis,
461 2242 605 2325 margine
629 2241 771 2324 integro,
794 2241 1004 2304 circumcirca
1033 2241 1078 2318 (si
1096 2239 1211 2320 apices
1233 2239 1336 2302 lacinia·

225 2344 298 2384 rum
320 2323 477 2404 excipias)
498 2325 673 2407 pulticulis
687 2323 1067 2409 nigro-luscescen'tibus
1087 2325 1127 2385 ad
1146 2324 1269 2387 lentem
1286 2343 1337 2404 grs-

135 2459 137 2465 ,
227 2407 345 2470 nulatis
375 2406 460 2488 (lere
482 2411 594 2496 quales
615 2410 650 2471 in
671 2408 972 2473 Umbilicariis
995 2407 1228 2488 observantur)
1259 2406 1338 2491 nigris

228 2505 355 2559 ornato.
1038 2505 1051 2534 ⁹
1337 2521 1338 2530 ¹

315 2605 438 2672 Crescit
460 2628 533 2684 cum
549 2607 746 2692 procedente
765 2607 798 2670 in
820 2606 949 2672 muscis.

282 2785 285 2790 ·
315 2749 463 2812 Adnot.
506 2747 726 2812 Acharius
771 2747 949 2847 marginem
987 2746 1254 2848 pulserulentum
1274 2741 1338 2816 dicit,

231 2831 458 2979 stilti?
470 2830 1222 2999 sst‘ttstttttlttlt.¹.¹.⁰.¹}.?.‘³‚¹¹¹l;{‚⁰t.n.
1252 2830 1338 2998 {lt}

146 3075 150 3090 .
233 3001 393 3083 copiosis,
426 2998 461 3061 id
485 3000 572 3084 quod
596 2999 729 3082 probat,
759 2998 921 3080 cypbellas
943 3020 1010 3062 non
1028 3012 1065 3062 ut
1092 2999 1270 3081 apothecis
1291 3013 1338 3077 pro

231 3083 409 3232 gppappppe
426 3082 573 3146 imminui
597 3104 704 3170 neque
725 3083 843 3146 exinde
862 3105 922 3168 pro
938 3084 1065 3148 fructus
1077 3083 1229 3168 partibus
1251 3081 1338 3144 babes

317 3288 356 3348 P.
379 3283 690 3360 damascornis,
720 3281 982 3366 pin-natifida
1006 3282 1045 3360 it
1073 3281 1174 3344 thall'o
1202 3282 1338 3344 coriaceo

237 3370 349 3432 subura
370 3368 688 3451 fusco-lanuginoso
711 3366 941 3448 cyphellifero,
962 3366 1089 3428 laciniis
1106 3366 1338 3447 sinuato-pinna

235 3451 337 3517 tifidis
375 3441 630 3527 et'multifidis,
672 3452 820 3514 lacinulis
855 3450 1181 3524 retuso-truncatis,
1222 3445 1338 3512 scutella

238 3539 359 3621 sparsis
384 3551 417 3600 et
439 3538 687 3621 marginalibus,
710 3536 853 3620 margine
873 3535 963 3596 tenui
986 3553 1115 3596 croceo.

319 3657 437 3718 Forma
452 3655 622 3716 transitum
640 3675 753 3734 parans
775 3653 1025 3736 insequentem.
1068 3650 1204 3712 Thallus
1223 3669 1338 3736 magns

236 3737 380 3801 iteratim
404 3751 438 3798 et
458 3738 544 3799 varic
564 3735 972 3821 pinnatifido·latciuiatus,
995 3735 1218 3816 praecedente
1233 3735 1338 3798 liranus

237 3823 349 3886 subtus
371 3821 523 3903 pallidior
540 3821 661 3896 fuscus,
684 3820 840 3902 cyphellis
865 3817 1074 3901 paucioribus
1097 3819 1231 3902 sparsis.
1285 3811 1338 3882 Μ’

235 3907 310 3970 niae
334 3906 399 3969 late
427 3917 461 3966 et
487 3906 646 3986 profunde
664 3906 826 3978 sinuatae,
864 3901 1057 3965 bi-trifidae
1082 3917 1115 3964 et
1143 3903 1338 3986 subpalmsti

237 3993 379 4066 divisae,
417 3987 510 4073 apice
535 3989 612 4053 hinc
638 3989 679 4051 ob
714 3988 908 4052 divisionem
943 3987 1133 4050 ulteriorem
1158 3988 1338 4070 incipiente

236 4076 362 4159 saepius
392 4075 523 4138 dilatato
548 4084 851 4146 truncato-retuso,
875 4074 923 4136 rel
948 4071 1253 4134 sinuato-crenato.
1303 4074 1338 4133 St

236 4160 334 4224 tellao
354 4161 460 4223 rarius
489 4157 691 4241 marginales,
714 4158 890 4241 pleraeque
909 4178 1055 4238 sparsae,
1076 4156 1167 4218 disco
1196 4157 1302 4239 plano
1322 4153 1338 4212 d

239 4263 325 4304 mum
358 4243 607 4309 convexiusculo
635 4244 762 4317 riisoao,
792 4244 936 4327 margine
964 4241 1056 4304 tenui
1085 4261 1205 4306 croceo
1246 4243 1338 4306 deun

243 4341 455 4393 evanescente
475 4347 538 4394 nec
559 4325 778 4412 nigrescente.
