2760 4922
193 311 236 377 45
564 299 695 360 besse.
748 301 957 362 Ssucsssuss.

193 491 265 553 iere
282 502 371 548 recto
389 494 556 545 exeuntes.
590 478 708 542 Folia
727 481 762 539 in
777 479 908 544 ramulis
924 481 1053 544 sessilis
1069 482 1121 545 rel
1132 482 1337 546 brevissime

192 573 356 660 petiolsta,
378 569 513 640 alterna,
537 564 687 638 disticha,
709 563 1019 628 lineari-lanceolata
1037 566 1089 628 vel
1105 568 1340 651 angusto-lan-

194 659 333 730 ceolata,
354 651 428 735 plus
445 651 551 712 suiuus
567 648 720 710 distincte
737 648 868 711 dentata
881 650 936 713 rel
953 651 1151 723 subserrata,
1174 651 1339 714 dentibus

193 743 314 814 acutis,
344 758 405 819 per
422 735 567 798 inedium
580 753 682 796 nervo
709 733 882 810 instructa,
911 736 1004 818 poris
1023 733 1186 796 mucissnis
1204 738 1339 819 sparsis

192 828 246 893 vel
262 826 479 907 subqnsterna
495 818 584 881 serie
604 818 773 897 dispositis
793 833 935 898 pertusa.
984 818 1212 885 vesiculae
1241 821 1340 882 inter

193 913 275 978 folia
290 926 440 991 sparsae,
481 902 516 964 in
538 900 709 984 pedicellis
729 901 852 982 planis,
890 903 1066 987 globosae,
1104 905 1342 988 magnitudine

195 993 306 1061 nuclei
322 989 435 1056 Gerasi
454 987 599 1050 minoris.
644 987 881 1071 Sporangia
897 988 950 1052 rel
969 989 1003 1049 in
1026 988 1161 1050 ramulis
1177 990 1232 1053 rel
1254 1011 1340 1052 raro

195 1085 231 1145 in
246 1077 330 1162 ipsis
347 1071 492 1137 caulibus
508 1091 686 1146 racemosa,
707 1071 913 1145 subsessilia‚
935 1071 1125 1152 cylindrica,
1145 1073 1341 1136 acutiuscu-

194 1169 241 1241 la,
263 1173 361 1243 saepe
381 1156 607 1229 subtorulosa,
631 1155 793 1238 simplicia
806 1169 861 1218 aut
873 1155 984 1219 bifida.

281 1243 402 1325 Stirpis
423 1262 520 1327 quam
544 1241 682 1302 maxime
705 1240 938 1325 polymorpbae
959 1240 1082 1306 formas
1099 1240 1342 1326 distinguimus

197 1344 371 1416 sequentes
393 1349 411 1388 a
434 1325 559 1409 vulgari
576 1324 741 1386 diversas:

282 1416 316 1476 S.
334 1409 527 1494 vulgare,
550 1408 840 1483 resultationi,
861 1409 930 1491 Ag.
953 1408 1123 1472 frondibus
1137 1408 1340 1482 laxioribus,

197 1499 288 1564 loliis
309 1494 529 1560 tenerioribus
547 1492 619 1556 lere
640 1492 813 1575 pellucidis
831 1495 949 1554 crebre
973 1495 1121 1576 porosis,
1157 1495 1341 1558 exsiccatis

196 1585 298 1669 tnagis
316 1581 440 1651 luscis,
460 1578 618 1642 vesiculis
635 1578 763 1661 longius
778 1577 994 1659 pedicellatis.

283 1669 317 1730 S.
339 1665 534 1746 vulgare,
554 1660 859 1745 polypbyllum,
881 1666 998 1724 biert.
1021 1661 1061 1721 in
1083 1661 1176 1723 litt.-
1195 1665 1341 1726 ramulis

194 1749 351 1818 loliileris
372 1747 499 1822 densis,
538 1745 627 1807 loliis
648 1746 845 1808 abbreviatis
864 1735 1053 1808 lanceolatis
1074 1746 1180 1807 minus
1199 1752 1342 1832 conspi-

195 1858 256 1902 cue
273 1832 496 1903 denticulatis,
516 1829 670 1892 vesiculis
685 1830 808 1912 parcis,
831 1831 1015 1914 sporangiis
1033 1829 1195 1892 tenuibus.

281 1921 316 1982 S.
336 1917 528 2000 vulgare,
550 1914 756 1994 oxyodon,
778 1919 893 1974 Mart.
916 1915 956 1974 in
976 1915 1064 1974 litt.
1086 1915 1225 1976 ramulis
1243 1915 1342 1977 folii-

196 2003 277 2068 l'eris
301 2000 422 2084 sparsis
442 1998 654 2070 abbreviatis,
687 1999 779 2060 loliis
794 1999 1092 2081 lineari-oblongis
1113 1999 1284 2080 profunde
1310 2013 1344 2061 ct

196 2081 571 2156 subsinuato·dentstis‚
602 2082 757 2143 vesiculis
777 2083 886 2166 parcis
910 2083 1165 2156 subracemosis,
1197 2106 1346 2166 speran-

196 2174 260 2259 giis
275 2169 430 2232 tenuibus
449 2166 658 2230 abbreviatis.

278 2255 315 2317 S.
336 2254 530 2336 vulgare,
559 2249 915 2333 acantbocarpos,
949 2255 1073 2313 Turn.
1107 2249 1213 2314 lorma
1239 2273 1343 2334 prae-

196 2339 333 2416 cedens,
357 2336 542 2420 sporangiis
559 2335 750 2416 spinulosis.

280 2427 315 2487 S.
344 2420 532 2504 vulgare,
564 2418 710 2490 laxum,
731 2421 851 2480 Mert.
873 2417 915 2477 in
936 2417 1023 2478 litt.
1046 2419 1164 2482 fronde
1181 2417 1346 2505 elongata

196 2507 315 2572 diffusa
335 2505 404 2568 laxs
419 2503 549 2566 inferne
564 2501 742 2574 denudata,
771 2501 905 2561 ramulis
925 2501 1085 2584 elongatis
1104 2503 1250 2587 sparsis,
1290 2506 1345 2568 fo·

193 2595 250 2658 liis
276 2590 418 2676 augustis
441 2587 621 2650 linearibus
649 2586 839 2650 acuminatis
863 2585 1147 2662 subdenticulatis,
1178 2590 1347 2652 vericulis

194 2675 423 2762 frequentibus
447 2673 702 2748 snbrsceutosis,
742 2668 925 2755 spora'ngiis
951 2673 1111 2757 elongatis
1145 2671 1347 2754 subcorym·

196 2765 299 2826 hosis.
537 2773 542 2780 '

277 2864 319 2928 In
337 2886 395 2926 ore
408 2859 576 2923 Brusiliue
590 2818 737 2944 passim,
759 2880 782 2920 u
797 2859 890 2921 nobis
906 2869 936 2919 et
955 2883 976 2919 u
993 2859 1035 2923 cI.
1056 2859 1135 2923 uiris
1148 2861 1189 2924 de
1199 2857 1347 2952 Langs-

197 2945 303 3035 dorff,
333 2949 377 3009 de
395 2943 562 3008 Cltumisso
571 2991 582 3024 ,
614 2942 776 3005 Sclrrddcr
791 2955 824 3005 et
849 2941 988 3006 lilesiur
1007 2945 1225 3008 obser-ouium.

262 3110 266 3118 ’
409 3109 438 3159 2.
475 3111 742 3158 ssucsssusr
771 3105 1120 3172 nsx1n1u1aa1.†

280 3217 314 3280 S.
333 3215 426 3280 caule
443 3214 655 3276 teretiusculo
677 3213 845 3278 subdiviso
866 3214 967 3288 laevi,
1001 3220 1134 3281 ramulis
1164 3219 1219 3283 rix
1247 3222 1350 3292 ullis,

199 3302 287 3367 loliis
307 3303 341 3362 in
361 3300 453 3362 caule
473 3297 685 3361 subdisticbis
708 3298 1006 3384 lineari-oblongis
1034 3303 1159 3364 obtusis
1180 3304 1351 3390 inaequa-

196 3389 275 3452 liter
292 3398 386 3449 acute
404 3397 438 3445 et
454 3383 812 3446 substansia-destasia
837 3385 930 3466 apice
956 3387 1127 3451 rotundato
1153 3387 1352 3454 denticula-

199 3473 257 3551 tis,
279 3469 433 3536 vesiculis
448 3468 614 3552 globosis,
636 3469 822 3554 sporsngiis
835 3469 901 3530 -i

280 3580 389 3640 Fucus
408 3574 638 3649 maximiliani,
661 3571 798 3640 Schrod.
815 3573 847 3635 in
868 3573 957 3637 Gott.
975 3573 1060 3638 Ana
1086 3578 1176 3643 1821.
1199 3588 1279 3647 'lsai

280 3683 425 3747 Caulis
460 3682 699 3769 sesquipedalis
725 3696 758 3744 et
790 3681 939 3766 longior,
979 3682 1013 3745 in
1042 3705 1177 3748 ramos
1208 3685 1357 3773 similes

198 3769 276 3834 binc
296 3767 372 3829 inde
389 3768 530 3842 divisus,
562 3769 808 3841 teretiusculus,
840 3769 888 3828 uti
906 3780 973 3831 tota
990 3769 1090 3852 stirps
1110 3770 1252 3832 obscure
1271 3773 1358 3836 fus-

200 3877 267 3919 cus.
310 3851 435 3915 Folia
458 3851 637 3914 alternatim
659 3872 678 3912 e
697 3853 787 3914 caule
805 3853 968 3936 ramisque
985 3854 1230 3934 provenientia,
1261 3860 1359 3920 sub-

200 3937 438 4022 spproximatu‚
469 3935 662 4002 brevissime
685 3937 859 4018 petiolum,
892 3938 1026 4022 sesqui·
1054 3952 1088 4000 et
1113 3937 1355 4023 bipollicuriu,

199 4046 298 4088 nervo
325 4043 388 4105 per
414 4017 555 4082 medium
587 4019 781 4083 decurrente
816 4019 959 4095 lirmata,
1009 4023 1144 4086 lineari:
1180 4024 1356 4110 oblonga,

201 4107 334 4181 obtusa,
370 4103 523 4168 dentibus
549 4105 652 4166 acutis
674 4104 895 4188 inaequalibus
922 4107 1028 4170 autice
1054 4108 1265 4171 brevioribus
1299 4115 1358 4174 si·

202 4191 461 4266 nasso-excisa,
492 4189 586 4273 apice
601 4189 774 4251 rotundato
794 4190 946 4254 dentibus
965 4192 1146 4255 minoribus
1162 4192 1357 4264 instructa.

203 4275 429 4338 Vesiculse
448 4275 622 4359 globosae,
645 4273 865 4356 magnitudine
883 4277 976 4359 grani
992 4277 1123 4360 Piperis
1137 4277 1244 4360 nigri,
1271 4279 1364 4344 tse-

203 4359 344 4440 rigatae,
367 4359 534 4434 suillares,
557 4356 722 4422 solitariae
740 4359 790 4422 rel
807 4361 971 4444 geminae,
994 4361 1165 4443 pedicellis
1180 4361 1358 4432 brevibus

205 4441 423 4506 teretiuseulis
443 4443 604 4508 suffultae.
649 4443 885 4530 Sporsugia
906 4467 973 4512 uon
990 4447 1126 4510 detecta.
