2760 4922
560 401 691 468 hsta.
1172 407 1196 474 ι

57 603 278 683 naturaque,
312 583 482 684 protinus
508 580 564 654 vel
579 585 619 656 in
638 581 908 680 longitudinem
924 583 983 660 vel
1005 584 1046 658 in
1067 581 1194 662 latitu-

57 685 179 756 dinem
228 682 443 780 orriguntur
464 681 626 754 etmulti
653 679 822 754 licentur.

148 783 192 852 ln
258 805 303 852 ae
323 781 439 950 Algae
452 778 512 866 nil
537 705 748 854 dindrant
774 797 1035 880 praeterquam
1056 805 1190 880 sperae

56 879 355 979 simplicissimae
404 877 588 978 ujusmodi
609 877 839 978 genuinandi
861 903 1036 978 capaces,
1075 879 1188 954 modo

55 979 87 1050 in
110 1004 223 1051 muco
241 977 452 1049 nidulantes
466 975 580 1050 modo
601 975 640 1050 in
658 975 796 1074 stipata
817 977 979 1051 vesicula
999 975 1186 1070 inclusae,

53 1095 164 1174 atque
186 1075 454 1148 recentissimis
475 1075 733 1174 experimentis
753 1075 842 1148 satis
860 1099 970 1176 super
1022 1101 1042 1149 e
1062 1075 1188 1151 edocti
1227 1131 1229 1141 .

53 1200 190 1260 sarnus,
213 1175 329 1250 vitam
344 1173 383 1246 in
396 1171 470 1246 illis
483 1174 580 1246 inter
596 1171 792 1246 animalem
808 1190 846 1247 et
858 1193 962 1273 reget
1012 1175 1099 1248 ilem
1110 1199 1188 1246 am·

52 1272 199 1370 biguam
210 1273 400 1358 fluctuare,
422 1289 464 1343 ut
475 1297 573 1344 nunc
585 1270 832 1371 plantigerum
844 1297 993 1370 germen
1007 1275 1055 1348 ad
1063 1290 1187 1347 motus
1312 1281 1316 1288 “

53 1371 355 1444 animalculorum
367 1371 643 1456 infusorium,
663 1370 745 1443 luce
756 1370 994 1460 concitatum,
1008 1390 1183 1460 transeat,

53 1497 146 1544 nunc
171 1470 220 1542 ab
245 1469 437 1543 infusoriis
458 1469 497 1542 in
513 1468 723 1568 plantarum
741 1469 907 1565 germina
922 1470 1109 1546 viridetur.

143 1571 320 1643 Summae
343 1567 478 1664 Algae,
516 1591 609 1666 quae
634 1593 677 1638 cx
698 1567 932 1642 multitudine
958 1569 1184 1668 singularum

50 1667 266 1740 cellularum
289 1668 337 1738 ad
358 1689 472 1736 unum
491 1665 737 1762 aequabiliter
755 1665 829 1738 vita
843 1668 1030 1782 perfusum
1045 1691 1182 1768 corpus

50 1769 330 1868 conjunctarum
358 1781 548 1859 constant,
601 1788 644 1834 ex
679 1764 751 1838 hac
780 1789 921 1863 majore
949 1761 1182 1866 perfectione

49 1866 190 1970 speeies
219 1888 415 1962 sperarum
442 1880 478 1934 et
508 1862 753 1959 gongylorum
780 1861 932 1936 diversis
955 1865 1077 1939 modis
1103 1862 1181 1936 for·

46 1982 163 2049 mant,
198 1963 314 2036 modo
334 1961 495 2046 interne,
532 1961 706 2033 modo-in
726 1961 918 2060 superficie
939 1962 1183 2062 aequabiliter

47 2055 79 2135 et
102 2061 270 2158 legitime
294 2061 483 2161 dispersos
509 2075 573 2130 aut
603 2083 790 2134 connexos
818 2077 856 2132 et
881 2084 992 2162 saepe
1020 2061 1178 2136 bacillos

48 2159 261 2260 globulosre
289 2174 455 2232 tornatos
479 2153 713 2232 effonnantes
744 2177 806 2230 aut
835 2159 931 2232 inter
960 2184 999 2232 se
1024 2159 1175 2232 liberos.

46 2263 158 2330 lnuno
190 2258 307 2332 Fuci
335 2280 449 2356 genus
479 2253 624 2360 aliaque
661 2255 854 2330 subtiliore
882 2257 1091 2332 evolutione
1119 2259 1177 2330 iu·

45 2359 180 2455 signia,
236 2354 419 2454 gongylos
455 2351 578 2428 fenmt
617 2353 785 2452 apicibus
822 2355 967 2429 filorum
1002 2357 1175 2430 articula·

46 2475 163 2530 torum
192 2455 396 2528 introrsum
415 2452 724 2554 propendentium
748 2453 923 2542 adnatos,
957 2454 1009 2528 ita
1029 2474 1070 2528 ut
1091 2456 1176 2530 heio

46 2555 231 2628 cardinem
253 2551 496 2651 vegetationis
521 2551 626 2650 quasi
649 2551 688 2624 in
709 2577 753 2625 or
776 2563 930 2626 atro'mm
954 2554 1175 2654 primordia·

48 2653 149 2822 liurpla
159 2653 366 2730 introrsum
398 2673 524 2737 versus
556 2667 707 2750 peracta
771 2649 989 2730 ‘ssolutioue
1027 2676 1174 2730 versare

53 2775 106 2822 cre
150 2777 177 2821 s.
439 2773 442 2780 ·

136 2849 209 2920 Ubi
227 2845 334 2920 frons
351 2848 399 2918 ad
417 2843 651 2946 receptacula
667 2867 862 2942 sperarum
879 2869 919 2933 se
937 2847 1173 2942 transfigurat

42 2949 187 3048 propn'a
204 2969 346 3042 organa
362 2971 439 3018 non
455 2961 539 3016 sunt
554 2941 814 3029 existimanda,
850 2945 916 3015 sed
933 2945 1037 3016 frons
1045 2997 1055 3031 ,
1083 2971 1171 3046 pro-

42 3047 168 3118 deunte
192 3044 340 3120 fructus
366 3059 564 3144 apparatu,
595 3058 744 3114 mutata.
795 3042 892 3114 Hinc
912 3043 1096 3142 sequitur,
1130 3062 1172 3119 ut

40 3173 103 3220 nec
119 3141 359 3244 receptacula
375 3145 515 3217 fructus
531 3165 601 3212 nee
620 3137 791 3254 capstdas
805 3140 907 3237 Algis
925 3139 1167 3230 attribuerim,

40 3247 141 3320 etiam
172 3245 208 3315 si
241 3265 384 3338 organa
407 3243 500 3314 haec
528 3237 775 3318 recentissimi
802 3239 896 3312 adeo
923 3258 1095 3318 auctores
1120 3241 1169 3320 iis

38 3343 255 3416 concedant.

123 3445 247 3514 Immo
272 3462 341 3538 per
367 3433 487 3508 omnis
514 3433 622 3534 hujus
642 3433 852 3541 plantarum
876 3433 1018 3506 ordinis
1044 3433 1169 3507 erolu-

44 3539 146 3615 tiones
168 3539 348 3612 universa
362 3533 473 3636 plane
489 3531 734 3604 indifferentis
756 3533 972 3605 secretionis
995 3557 1167 3606 mucoso·

37 3665 107 3718 nna
124 3633 369 3736 globulorum
388 3633 509 3730 imago
529 3631 741 3730 ubicunque
763 3632 973 3717 revertitur,
1000 3630 1167 3728 haecque

34 3739 189 3813 secretio
212 3734 356 3832 absque
373 3733 518 3804 interna
537 3729 703 3802 materiei
718 3729 980 3802 contrarietate
996 3727 1035 3799 in
1048 3729 1165 3804 thallo

32 3837 138 3933 Algae
164 3862 189 3907 a
205 3830 432 3912 Licbcnibus
455 3827 704 3932 disterminet,
730 3827 770 3898 in
785 3827 927 3924 'quihus
947 3827 1165 3928 posteriori·

32 3933 95 4007 bus
108 3934 261 4030 utique,
285 3948 363 4002 tam
415 3953 475 4002 am
488 3926 663 4000 altiorum
676 3925 927 4000 evolutionum
938 3923 1163 4026 prototypis,

31 4059 122 4104 nora
139 4031 291 4131 proles,
325 4053 368 4104 re
383 4043 425 4098 ut
445 4023 598 4100 effectus
621 4023 914 4110 contrarietatis,
949 4049 1044 4122 quae
1067 4025 1165 4095 inter

32 4134 208 4228 organica
245 4153 376 4202 conam
410 4140 575 4199 texturae
609 4121 820 4198 cellulariae
852 4139 973 4195 strata
999 4137 1168 4210 constat,-

26 4247 232 4400 emeriliiec
252 4325 459 4420 sufficiant,
486 4315 620 4420 quibus
637 4335 675 4390 et
691 4308 869 4392 terminos
886 4313 1032 4390 anobis
1046 4315 1164 4389 lntro·
1209 4345 1212 4350 ·

32 4425 163 4502 ductos
182 4443 221 4498 et
243 4427 362 4504 totius,
376 4419 517 4497 ordinis
534 4415 819 4518 dispositionem
835 4413 1072 4490 defendamus
1081 4441 1095 4507 5
1124 4413 1163 4488 id

36 4541 153 4600 tamen
168 4523 256 4600 heic
276 4520 501 4600 monendum
519 4539 730 4602 censemus,
763 4538 834 4588 nos
850 4513 926 4613 jam
945 4513 1163 4614 hodiernam
1191 4535 1195 4558 ³
