2688 4898
254 225 317 325 2i0
601 251 782 314 Lacaenas.
818 251 1009 314 ruinani.

256 437 305 499 ira
328 433 498 498 atcrrimae
518 427 721 514 bispidulae,
743 427 836 510 apice
857 429 926 508 rel,
949 430 1004 491 ubi
1026 425 1214 490 dicbotomia
1231 451 1319 514 praepa·

255 535 361 592 ratur,
384 516 533 579 dilatatae
555 516 770 598 emarginatae
799 513 870 589 vel,
900 513 1033 576 obtusae
1054 511 1231 581 rotundatas
1249 535 1321 596 parua}

255 600 406 678 reflexae,
427 614 463 662 ut
483 597 612 661 inflatae
634 599 812 660 videantur.
856 598 1020 679 Scfutcllae
1049 617 1192 679 sparsae,
1225 599 1321 678 plerum·

255 707 319 772 que
351 685 464 750 obviae
494 684 533 745 ad
554 684 644 745 thalli
673 681 871 754 divisiones,
907 681 980 758 (ubi
1011 702 1050 742 ex
1071 679 1232 744 earundem
1249 683 1321 744 abortu

255 769 385 852 saepius
415 769 557 831 maculae
588 767 702 850 nigrae
732 763 977 842 observantur),
1013 766 1188 828 crassiores
1214 767 1321 836 erminus

207 901 208 906 η
255 855 386 938 quidem
407 854 529 934 amplae
553 871 647 936 quam
664 852 699 914 iu
720 849 928 912 varietatibus
948 849 1224 931 praecedentibus,
1242 851 1321 932 prob

256 939 421 1001 cinearum
442 957 521 1000 vero
542 936 705 1018 angustia,
729 955 805 1016 quas
827 933 924 1016 duplo
944 933 1045 1016 triplo
1067 933 1106 994 ad
1128 933 1321 1014 diametrunsa

253 1037 378 1106 perant,
402 1021 478 1082 satis
502 1039 643 1104 magnae.
685 1019 804 1079 Discus
834 1029 1018 1080 constanter
1048 1037 1221 1094 concavus;
1254 1037 1321 1098 naga

252 1107 360 1190 junior
380 1103 563 1177 tumidulae,
586 1102 712 1164 demum
732 1101 804 1162 fere
824 1101 940 1162 nullus.
1320 1101 1321 1106 ’

199 1273 203 1280 ,
336 1207 466 1291 ΟνεεοίἰΙ
480 1207 523 1268 ud
546 1207 635 1292 ripas
652 1202 752 1286 fluvii
773 1206 995 1283 Amazonum,
1023 1205 1130 1268 mixte
1148 1201 1321 1289 praeconiati*

253 1293 407 1358 varietati
426 1289 660 1355 erParmetiae
678 1288 911 1352 cnmtschadalt‘
933 1312 1006 1357 aar.
1029 1288 1235 1352 rhodometae.

300 1476 301 1490 χ
333 1409 476 1474 Adnot.
497 1411 614 1471 Forma
635 1407 714 1470 baec
734 1407 881 1491 proxima
911 1406 1153 1468 Parmeliac
1182 1401 1321 1484 coneptu}

242 1516 322 1558 ,sae
344 1516 410 1558 var.
436 1491 760 1576 stenophyllae,
782 1512 801 1553 e
822 1492 933 1574 paucis
967 1489 1049 1574 qu‘ae
1083 1490 1197 1553 adsunt
1222 1483 1321 1570 spectati

248 1580 356 1654 nibus,
379 1599 445 1640 non
460 1577 638 1639 accuratius
650 1573 840 1637 delinienda.
863 1573 986 1636 Differt
1000 1575 1180 1657 generatim
1196 1595 1211 1634 a
1225 1577 1252 1632 Ρ.
1267 1589 1321 1630 coo*

251 1684 401 1745 spersa
422 1661 517 1722 th‘.
542 1663 651 1744 (quarn
675 1662 711 1721 P.
733 1660 963 1722 coriaceus
987 1680 1115 1743 quoque
1130 1643 1321 1738 subjungimusli

136 1785 146 1824 ι,
247 1747 348 1808 thallo
369 1745 540 1828 rigidiora,
564 1745 674 1805 colore
694 1743 849 1804 intensius
871 1742 1050 1804 latescente
1070 1763 1133 1805 nec
1156 1741 1256 1812 livido,
1277 1735 1321 1795 lai-¹

247 1831 314 1892 niis
344 1828 496 1905 (nostris)
529 1841 713 1890 constanter
740 1821 875 1903 iisdem,
904 1828 1006 1910 magis
1039 1826 1199 1910 elongatis
1231 1819 1299 1885 cruct'

247 1910 423 1974 linearibus
446 1911 547 1996 (quod
563 1913 597 1972 in
615 1914 652 1972 Ρ.
676 1930 930 1994 conspersae
952 1910 1082 1973 nonnisi
1095 1910 1224 1972 laciniis
1236 1903 1310 1968 marin

246 1996 429 2068 attenuatis,
451 1996 682 2057 nostrismulto
693 1995 881 2072 minoribus,
903 1993 1121 2069 obseruator),
1147 1995 1219 2058 dein
1237 1987 1302 2072 apoll

246 2080 309 2142 ciis
330 2073 581 2164 nigricantibus:
603 2078 803 2164 characteres
817 2077 1021 2162 quidemnon
1046 2080 1174 2140 minimi
1194 2069 1317 2142 moneris

149 2203 152 2214 ·
245 2165 304 2226 sed
324 2163 453 2226 lacinias
474 2162 627 2225 habemus
651 2167 685 2224 Ρ.
708 2183 973 2244 conspersae
994 2163 1074 2228 Acb.
1093 2162 1262 2232 nonnullas,
1278 2173 1319 2216 uus

214 2307 216 2317 ,
243 2249 306 2310 tris
327 2249 367 2308 ad
386 2268 481 2308 orum
502 2267 564 2310 cro
585 2249 837 2329 respondentes,
871 2262 903 2310 et
925 2248 1032 2310 discus
1053 2249 1219 2332 nigricans
1237 2253 1319 2327 quoqu

244 2333 280 2394 in
310 2329 541 2413 speciminibus
571 2331 692 2411 prioris
721 2332 891 2393 exsiccatis
918 2353 983 2394 non
1009 2352 1084 2394 raro
1108 2333 1285 2394 observatur.

243 2415 457 2478 Parmelia
485 2415 730 2495 centrifuga
758 2414 847 2476 Aah.
876 2414 989 2479 differt
1019 2416 1150 2480 laciniis
1178 2408 1319 2476 minantis

242 2499 368 2584 pluries
388 2499 511 2574 divisis,
533 2499 569 2558 in
590 2499 702 2562 orbem
722 2512 872 2562 nonatum
883 2499 1056 2563 concretis.

502 2701 548 2755 22·
583 2706 815 2754 rannessa
865 2705 1055 2754 canunt.
1086 2693 1106 2758 ψ

220 2881 222 2886 -
323 2845 362 2904 Ρ.
384 2841 484 2903 thallc
506 2841 683 2904 orbiculari
701 2841 842 2904 foliacec
863 2840 1022 2924 laevigato
1045 2860 1167 2904 carneo
1194 2840 1284 2902 subtus
1306 2827 1319 2860 ⁹

242 2938 323 3009 gro·
332 2927 535 2988 lassescente
556 2925 654 3000 nudo,
676 2926 761 2987 lobis
782 2926 961 2988 rotundatis
973 2925 1099 2987 sinuato
1110 2963 1123 2975 ·
1135 2925 1287 2988 crenatiss

242 3009 372 3082 ciliatis,
396 3009 641 3089 apotheciorum
663 3009 753 3071 disco
774 3009 881 3084 badio,
904 3011 1048 3094 margine
1070 3011 1266 3072 tenuissimo.

325 3091 454 3154 Thallus
482 3092 741 3172 membranaceus
771 3095 877 3156 tenuis
907 3095 979 3155 fere
1018 3115 1236 3176 papyraceus,
1261 3089 1304 3148 ΙΝ

241 3175 332 3240 valde
351 3176 526 3260 laevigatus
548 3175 620 3238 scre
631 3177 761 3250 nitidus,
784 3179 949 3262 eleganter
971 3179 1148 3248 coloratus,
1174 3175 1319 3239 carneus?l

241 3259 556 3344 subpurpurascens,
594 3259 703 3320 subtus
723 3261 764 3321 -in
791 3262 898 3324 medio
930 3261 1041 3343 niger,
1072 3282 1193 3324 versus
1221 3255 1288 3324 ambit

239 3345 353 3406 badius
374 3341 514 3418 nitidus,
541 3345 684 3426 margine
716 3346 852 3427 sparsim
879 3347 1086 3430 breviterque
1118 3346 1245 3409 ciliato.
1275 3341 1314 3400 Str

148 3481 149 3488 ,
238 3429 335 3491 tellas
355 3449 457 3514 acque
481 3441 606 3502 tenues,
626 3427 831 3510 majusculae,
854 3448 1022 3503 concavae,
1045 3447 1102 3494 ore
1128 3437 1305 3502 connector

237 3533 309 3575 rum
328 3534 422 3596 supra
441 3511 573 3576 thallum
595 3511 748 3588 elevatae,
771 3515 881 3576 subtus
903 3515 937 3575 in
958 3515 1056 3576 dorse
1077 3514 1177 3576 thalli
1200 3528 1288 3576 carac-

288 3663 292 3678 ι
322 3624 445 3691 Crescit
466 3627 499 3710 in
520 3627 689 3710 provincia
711 3627 828 3692 Minas
855 3628 987 3695 Gereatis.

564 3823 700 3882 suerro
726 3787 778 3887 'vu
818 3825 1032 3884 consum.
1072 3831 1079 3840 ·

318 3973 497 4050 Lobariae,
519 3965 613 4038 Fries
630 3973 677 4059 pt.
699 3971 826 4056 bomon.
849 3969 872 4035 l.
894 3996 921 4066 c.
943 3995 1026 4060 spec.

315 4081 473 4178 Leboriae
498 4094 576 4144 sect
598 4080 812 4156 Platismatis,
835 4076 959 4166 Hoffm.
981 4081 1003 4144 l.
1026 4103 1053 4145 c.
1083 4105 1175 4170 spec.

319 4190 461 4264 Stictae,
483 4185 569 4249 Aah.
591 4183 788 4270 Licbenogr.
810 4187 900 4256 univ.
919 4210 1007 4273 specs
1055 4251 1058 4264 ,

225 4326 231 4340 ,
315 4285 477 4380 Lichenes
496 4293 638 4369 latifolii,
663 4291 839 4358 Wululcub.
865 4291 914 4358 ΡΙ.
935 4293 1025 4360 Suec-
1042 4318 1077 4382 p.
1099 4297 1183 4360 cai.
1208 4311 1297 4360 nonna
