2688 4898
349 284 562 348 rItrcraurtus.
593 276 776 346 Passurus.
1079 285 1142 350 221

50 468 75 527 in
94 466 240 544 iuuentute
261 477 410 538 tenerae,
440 464 593 547 utrinque
617 461 745 536 laeves,
767 462 843 526 dein
867 461 1015 528 durlores
1040 463 1141 548 magis

48 571 158 631 rugosae
177 571 213 610 ex
235 548 437 611 scutellarum
463 550 513 610 vel
536 543 632 609 etiam
654 541 843 631 papillarum
866 547 1061 632 quarundam
1089 548 1142 626 (in
1192 603 1195 610 .

48 636 124 694 unico
145 633 315 716 specimine
340 629 594 708 observatarum)
622 629 757 702 cavitate
779 629 934 694 inferiore
954 629 1142 708 lacunosae,

48 717 395 800 glauco-pallescentes‚
428 715 603 778 adultiores
625 715 762 794 (siccae)
793 717 1006 790 lutesccntes,
1031 714 1143 779 dicho-

46 814 149 876 tomae‚
179 801 349 862 hincinde
371 800 408 860 ad
431 801 607 883 marginem
631 797 857 881 prolificantes.
902 799 1062 862 Scutellae
1089 819 1144 862 co-

47 885 146 965 piosae,
166 885 261 946 immo
284 883 459 956 consertae,
482 885 516 944 in
539 896 672 967 utraque
692 884 780 958 thalli
802 877 917 968 pagina
936 885 1144 969 margineque

48 966 157 1041 obuiae,
197 967 444 1042 crassiusculae,
483 961 819 1050 regulares,.medio'
837 965 977 1042 adfixae,
1009 989 1142 1050 parvae,

47 1051 176 1113 diametro
197 1052 234 1112 ad
258 1057 413 1114 summum
430 1050 591 1124 bilineari,
614 1050 756 1133 juniores
779 1051 870 1113 disco
887 1053 979 1134 plano
998 1052 1143 1133 margine

46 1135 120 1206 tenui,
140 1133 310 1196 adultiores
335 1135 425 1198 disco
447 1154 592 1197 convexo
613 1135 790 1220 marginem
810 1149 993 1218 superante,
1016 1135 1143 1198 demum

48 1217 162 1298 margine
182 1215 305 1282 rellexo
327 1219 458 1284 omnino
478 1218 642 1302 globosae.

47 1409 72 1472 B
106 1328 219 1496 dimit
251 1332 286 1396 in
325 1331 471 1396 Brasilt'u
509 1332 714 1396 meridionali
745 1331 892 1413 (Selloe.
932 1331 1030 1396 Hert.
1062 1331 1146 1418 Reg.

71 1434 112 1475 ero
139 1459 147 1479 .

106 1534 244 1597 Adnot.
280 1533 392 1613 l'lanta
424 1533 551 1618 quidem
593 1529 633 1596 ad
664 1530 803 1613 primum
827 1529 991 1614 'intuitum
1028 1531 1147 1596 froude

46 1614 117 1694 plana
138 1620 405 1702 scutellarumque
427 1619 538 1680 colore
561 1631 594 1679 et
621 1619 724 1678 forma
747 1635 827 1699 quae
848 1616 939 1679 valde
963 1631 1146 1680 constantes

43 1700 230 1765 becideae
261 1701 332 1764 fere
354 1717 515 1785 aspectum
537 1701 713 1784 praebent,
736 1700 884 1761 distincta
907 1722 924 1761 a
944 1701 1146 1776 domesticis,

42 1804 148 1869 quarum
169 1785 325 1848 scutellae
341 1787 528 1870 plerumque
552 1799 641 1847 sunt:
664 1784 809 1864 juniores
831 1784 992 1867 globosae,
1017 1786 1146 1846 demum

42 1867 352 1953 subheutisphaericae
375 1869 512 1950 majores
535 1869 749 1931 subloliaccae
773 1868 860 1930 disco
883 1887 1023 1931 concavo
1046 1870 1146 1952 magis

41 1950 191 2030 albicante3
214 1951 343 2018 accedit
364 1967 467 2015 tamon
489 1966 598 2014 nostra
620 1953 659 2013 ad
682 1953 933 2014 Ramalinam
962 1953 1147 2036 compla-

40 2048 145 2098 natam
176 2039 274 2100 Ach.
306 2057 399 2120 supra
429 2039 573 2109 citatam,
613 2036 746 2119 propius
768 2036 806 2096 ad
828 2040 866 2098 R.
901 2035 1146 2114 fraxineam,
1251 2080 1263 2096 .

40 2137 97 2180 aar.
121 2123 486 2211 membranaceum,
521 2119 625 2182 lruur.
648 2119 680 2180 iu
704 2115 853 2180 Linnoeu
876 2117 924 2180 II.
952 2143 985 2202 p.
1008 2119 1060 2196 43.

104 2228 280 2310 Probabile
302 2241 372 2304 est,
404 2227 606 2288 scutellarum
630 2227 846 2309 frequentiam
875 2224 969 2304 (licet
991 2247 1061 2288 sese
1084 2223 1173 2290 non'

40 2314 160 2402 tangant)
191 2333 267 2374 esse
290 2312 448 2376 rationem
468 2310 616 2372 minatici
638 2323 672 2370 et
693 2311 921 2389 convexitatis,
942 2325 975 2374 et
995 2312 1051 2374 has
1074 2331 1146 2376 esse

37 2403 156 2458 rauoues
177 2396 306 2460 coloris
328 2395 539 2458 saturatioris.

140 2605 142 2612 '
203 2613 250 2684 aa.
286 2629 522 2682 etruscus
572 2629 900 2680 ouurrcuuars.
934 2606 954 2676 l

98 2797 132 2862 P.
155 2801 263 2865 thalla
287 2801 468 2882 caespitoso
491 2798 700 2882 cartilaginea
721 2772 859 2862 foliaoeo
882 2813 1009 2874 erecto,
1031 2807 1051 2864 b
1071 2800 1149 2864 laci*

30 2878 81 2941 uiis
101 2885 415 2968 lineari-elongatis
437 2881 690 2945 subdichctomis
719 2884 871 2968 utrinque
900 2885 1053 2949 olivaceis
1079 2886 1151 2948 ton-

30 2963 243 3042 gitudinalite'r
279 2969 406 3052 rugosis
433 2981 466 3029 et
496 2968 622 3028 lineatis
653 2970 797 3051 margine
827 2962 1150 3052 aspero-‹lenticula-
1192 3021 1194 3030 .
1262 2974 1269 2992 '

31 3045 76 3119 ²5⁸2
102 3056 255 3116 scutellis
286 3052 567 3115 subterminalibus
589 3054 755 3129 concavis,
784 3053 879 3116 disco·
894 3053 993 3136 rubro
1021 3069 1054 3117 et
1081 3075 1151 3116 car·
1191 3067 1193 3071 ’

29 3135 284 3218 neo-pruinoso.
799 3167 804 3174 ¹
1138 3163 1141 3167 ·

96 3236 237 3298 Thallus
262 3234 471 3317 caespitulum
493 3233 667 3297 efformans
687 3256 705 3298 e
728 3231 840 3299 centro
861 3237 895 3299 in
916 3233 1049 3299 lacinias
1070 3233 1152 3300 dlvi·

26 3331 76 3389 sus,
98 3333 296 3385 constanter
318 3322 491 3384 olivaceus.
534 3322 686 3381 Laciniae
709 3335 847 3396 erectae,
871 3321 1148 3402 plano-foliaceac,

28 3393 169 3479 lineares,
197 3405 279 3474 fere¹
296 3404 461 3478 unciales,
484 3404 538 3468 vix
559 3404 642 3466 ultra
663 3404 778 3465 lineam
802 3407 898 3480 latae,
922 3405 1058 3468 subinde
1080 3407 1152 3490 qui·

25 3479 81 3546 dem
108 3490 325 3574 angustiores
357 3502 390 3550 et
428 3488 605 3566 (siccitate,
645 3489 693 3548 uti
717 3489 867 3566 uidetur)
903 3490 1148 3564 canaliculatae,

23 3563 190 3656 (nunquam
227 3593 306 3636 vero
336 3573 370 3632 iu
403 3572 497 3653 copia
530 3571 741 3653 specimlnum
763 3574 1005 3650 teretiusculac)
1039 3574 1150 3635 dicho·

19 3659 130 3730 toruae,
179 3659 281 3739 apice
319 3669 498 3718 attenuatae
532 3657 582 3716 vel
617 3658 813 3718 truncatulae
845 3671 879 3718 ct
903 3657 1149 3742 ‘emarginatae,

19 3731 301 3820 longitudinaliter
336 3753 367 3801 et
409 3739 660 3802 subreticulatim
699 3742 870 3824 rugulosae
907 3755 939 3802 et
965 3741 1075 3804 obiter
1105 3742 1151 3802 la-

19 3813 205 3896 lacunosae,
244 3837 408 3906 practerea
437 3823 496 3885 sub
526 3825 612 3887 lente
635 3823 763 3886 lineolis
786 3845 809 3886 s.
836 3825 926 3888 venis
950 3825 1148 3910 tenuissimis

19 3903 268 3972 obscurioribus
294 3909 405 3970 nitidis
430 3907 481 3968 vix
511 3923 543 3970 et
571 3927 613 3969 ne
641 3909 694 3970 vix
721 3910 851 3994 quidem
879 3910 1148 3994 prominentibus,

19 3985 304 4072 'ungitudinasiter
332 3979 527 4054 reticulatim
550 3995 880 4076 anastomosantibus,
909 3994 984 4056 dein
1014 3993 1151 4075 apiculis

19 4079 148 4154 sparsis,
175 4078 220 4140 ad
247 4077 422 4159 marginem
449 4078 521 4159 (qui
544 4077 658 4138 exinde
680 4076 895 4140 denticulatus
918 4079 1064 4162 apparet)
1087 4077 1157 4138 fre⁴
1240 4155 1245 4164 Ι

19 4162 250 4240 pacatioribus
263 4173 402 4235 notatae,
418 4159 522 4242 iisque
539 4161 664 4242 saepius
683 4161 825 4224 adauctis
840 4179 980 4244 asperae.
1013 4161 1150 4225 Soredia

19 4245 101 4306 sulla.
141 4245 316 4309 Scutellae
332 4265 444 4308 versus
463 4246 657 4312 summitates
671 4247 857 4309 laciniarum
876 4245 1000 4320 obviae,
1022 4246 1151 4328 saepius

19 4326 117 4402 slnres
153 4330 191 4389 in
218 4330 339 4392 'eadem
368 4328 503 4420 laepia,
538 4328 627 4410 cujus
655 4348 736 4414 apex
759 4329 797 4394 acl
827 4331 1029 4396 scutellarum
1058 4327 1151 4396 busin
