2760 4922
175 355 198 421 6
315 327 323 338 ’
672 349 805 411 Auara.

185 535 233 609 de
262 534 441 630 Algarurn
467 547 652 603 structura
679 529 872 601 scientiam
895 527 947 598 ito
972 540 1102 626 putare
1131 549 1324 624 compara·

186 653 265 708 tam
287 649 329 704 ut
353 632 515 706 diversas
544 630 747 713 sectiones,
789 625 916 724 quales
939 625 1013 724 ipsi
1037 625 1324 720 indigitavirnus,

187 758 266 806 non
288 749 369 804 tuto
387 757 409 800 a
431 741 472 800 'se
497 728 656 802 invicem
677 725 826 826 possint
846 724 1022 820 distingui
1039 743 1151 822 atque
1168 723 1325 808 definiri,

189 831 329 930 quippe
362 853 517 928 quarum
549 827 684 916 limites
716 825 804 896 hinc
830 823 923 924 'inde
947 823 1058 922 plane
1093 839 1326 897 evanescant.

187 931 296 1003 Hanc
314 927 364 1001 ob
382 951 541 1011 causam,
569 926 657 998 licet
673 924 962 996 decrevissemus
979 922 1207 994 diversorum
1225 919 1328 994 ordi·

188 1053 278 1100 num
308 1027 536 1110 sectiones,.
562 1026 593 1097 si
618 1025 733 1096 firmis
761 1021 1037 1094 characteribus
1069 1037 1226 1118 possent
1252 1019 1329 1090 dis-

190 1125 328 1223 tingui,
374 1123 661 1196 familiarum
685 1122 835 1195 nomine
863 1120 1117 1204 introducere,
1158 1119 1198 1189 in
1223 1115 1330 1212 Algis

189 1224 305 1322 inque
327 1223 572 1307 Lichenibus,
613 1222 687 1294 illis
710 1247 821 1319 quam
843 1220 998 1290 maxime
1020 1218 1205 1313 analogis,
1248 1241 1329 1287 scc-

190 1323 314 1395 tiones
335 1349 412 1394 non
431 1321 653 1393 familiarum
679 1319 746 1392 sed
767 1317 971 1390 tribuum
998 1315 1231 1389 solummodo
1254 1332 1329 1386 ter-

190 1422 293 1500 mino
312 1420 507 1522 insignitas
527 1419 797 1518 usurpabimus.

580 1625 747 1685 TRIBUS
782 1625 938 1682 PRIMA.

204 1735 404 1828 'auctr
433 1763 804 1828 oruarruosaa
835 1783 861 1824 t.
889 1743 1289 1825 uosrocnruur.

130 1965 133 1979 Δ
193 1892 420 1974 (ultroneas,
444 1917 702 1959 nosrocuusmn
725 1916 767 1960 ur
784 1912 1114 1972 conuentoronanuu
1137 1915 1239 1958 canu.
1261 1895 1333 1975 ao.)

295 2044 489 2115 Thallus
514 2045 834 2142 gelatinosus:
873 2059 935 2114 aut
960 2068 1112 2114 massa
1138 2041 1333 2128 difformis,

83 2213 86 2230 .
198 2155 355 2254 globosa
379 2184 588 2243 ramosave,
630 2153 768 2244 solida,
794 2157 1041 2260 'homogenea
1067 2157 1125 2232 vel
1152 2157 1335 2233 vesiculas

197 2270 303 2344 filave
321 2273 538 2344 tenuissima
557 2271 755 2370 colligens,
782 2291 845 2345 aut
864 2271 995 2346 frons
1017 2270 1337 2370 gelatinos0·lila-

195 2401 366 2460 mentesa
389 2385 594 2458 articulata.

284 2537 459 2603 Obsers.
509 2542 581 2603 Stat
606 2539 687 2602 haec
711 2535 816 2600 tribus
842 2537 876 2598 iu
902 2535 1003 2600 totius
1021 2537 1116 2618 regni
1140 2525 1336 2622 vegetabilii

196 2619 304 2688 limite
318 2643 504 2709 generaque
518 2623 750 2706 complectitur
760 2622 916 2708 quaedam
930 2621 1182 2703 simplicissima,
1195 2645 1276 2706 quae
1287 2623 1339 2684 nil

199 2707 355 2768 exhibent
375 2711 440 2770 nisi
457 2730 585 2771 mucum
599 2707 816 2792 vegetabilem
832 2705 1022 2790 amorphum
1039 2707 1192 2769 vesiculis
1212 2708 1337 2770 foetum

109 2837 112 2843 ι
199 2793 365 2874 organicis
383 2794 553 2874 inspersis.
596 2795 666 2856 Jem
678 2790 840 2854 nobiliora
853 2792 1011 2855 vesiculas
1028 2805 1118 2854 certa
1133 2792 1207 2875 lege
1222 2791 1338 2855 subae-

199 2887 249 2936 tas
267 2888 364 2958 atque
381 2877 558 2938 secundnm
576 2874 815 2959 longitudinem
833 2875 985 2947 serietas,
1007 2888 1040 2936 et
1054 2897 1176 2938 summa
1194 2877 1338 2961 denique

201 2959 380 3022 secundum
397 2960 636 3044 longitudinem
654 2960 923 3044 latitudinemque
939 2959 1112 3042 dispositas
1126 2960 1235 3022 ferunt
1249 2981 1340 3024 cosn-

198 3056 310 3126 pactas
336 3063 395 3121 ue,
419 3066 513 3129 quam
532 3044 574 3107 oh
593 3063 721 3106 causam
735 3055 802 3104 tres
819 3043 936 3128 gradus
956 3043 990 3104 in
1008 3045 1096 3106 omni
1113 3045 1267 3130 Algamm
1283 3067 1340 3106 or-

201 3126 278 3194 dine
303 3065 522 3194 dbservaudos
545 3123 619 3192 h'eie
642 3127 823 3210 repetendo
839 3127 1078 3192 Nostoehineas
1099 3149 1209 3192 mere
1231 3130 1342 3214 gela·

199 3212 384 3359 :tinom’
425 3214 582 3276 iilosas
614 3225 648 3276 et
679 3212 907 3276 frondosas
934 3231 1126 3296 procreasse
1148 3217 1342 3278 Naturavi-

224 3311 304 3360 etur.

286 3384 431 3442 Duarum
449 3373 598 3465 priorum
614 3381 773 3445 seriarum
789 3377 942 3443 nonnulla
959 3401 1099 3465 genera,
1127 3381 1276 3467 ambigua
1291 3381 1345 3444 in-

202 3475 257 3528 ter
277 3465 449 3528 animalem
472 3479 506 3530 et
531 3467 746 3550 vegetabilem
766 3464 894 3541 indole,
928 3479 1041 3530 motu
1059 3478 1133 3528 sunt
1151 3468 1345 3550 conspicua,

204 3565 304 3636 quem
320 3564 445 3626 tamen,
477 3573 575 3636 quum
600 3552 647 3613 its
667 3563 871 3634 comparatus
893 3547 952 3624 ait,
990 3550 1079 3612 utin
1099 3551 1346 3614 Diatosnsis

204 3633 447 3716 appositionem
460 3635 511 3702 vel
527 3637 723 3700 divisionem
736 3637 827 3699 sistat
843 3656 860 3697 s
874 3635 1121 3718 propagationis
1137 3655 1272 3698 munere
1290 3635 1349 3699 vix

205 3717 386 3794 diversam,
416 3720 450 3780 in
467 3718 765 3786 Oscillatoriis
786 3718 1022 3782 oscillationem
1043 3737 1116 3783 cum
1132 3721 1347 3804 vegetatione

204 3815 431 3877 coaetaneam,
454 3829 473 3868 s
488 3805 718 3892 vegetabilium
737 3817 850 3867 natura
866 3825 930 3867 non
947 3803 1143 3881 abhorrere,
1173 3806 1274 3867 immo
1295 3803 1349 3870 vi·

206 3902 260 3951 tae
279 3887 470 3972 vegetabilis
488 3911 645 3952 summum
664 3911 779 3952 munus
791 3888 939 3970 explere,
956 3888 1073 3950 eodem
1090 3888 1161 3952 iere
1179 3889 1276 3953 modo
1295 3890 1348 3951 uti

184 3973 243 4054 ¹in
262 3973 453 4060 quibusdam
469 3976 780 4060 Leguminosarum‚
810 3972 955 4034 omnium
969 3965 1151 4056 plantarum
1176 3973 1348 4038 nobilissi-

207 4081 351 4134 marum,
367 4059 544 4144 generibus
562 4071 706 4136 constat,
738 4057 970 4122 existimamus.

288 4146 449 4210 Numerus
469 4144 760 4215 Nostoclrinearum
776 4165 793 4205 a
810 4142 906 4206 nobis
923 4142 1007 4202 intra
1023 4141 1182 4206 Brasiliae
1198 4143 1349 4226 tropicae

205 4227 330 4292 limites
358 4229 599 4292 observatarnm
625 4251 720 4314 quam
752 4227 889 4290 maxime
919 4227 1014 4288 exilis
1038 4249 1104 4291 non
1130 4227 1351 4308 plantularusn

206 4313 410 4377 solummodo
435 4315 645 4400 exiguitatem
673 4313 732 4377 sed
756 4312 860 4398 ipsius
889 4309 975 4374 coeli
997 4311 1190 4393 temperiem
1213 4314 1352 4377 videtur·

205 4417 334 4461 eausam
350 4419 545 4482 agnoscere;
569 4398 830 4462 observationum
844 4396 997 4458 nimirum
1009 4396 1051 4458 cl.
1062 4397 1262 4460 Gruithui
1272 4417 1349 4460 sen

205 4481 409 4571 aliorumque
426 4483 503 4558 heic
519 4483 710 4550 meminisse
725 4482 824 4568 juvat,
846 4481 965 4570 quibus
980 4481 1151 4565 probatum
1169 4495 1238 4560 est,
1260 4495 1348 4546 tsin-
