2760 4922
138 352 160 460 ¹,
199 373 229 446 4
441 351 444 360 ’
713 370 844 440 Ateus.
868 399 871 406 ⁴

313 555 629 654 Quemadmodum
655 578 743 630 vero
772 553 904 626 folium
940 579 984 626 ex
1014 549 1180 628 cohibita
1205 563 1354 651 vegeta·

213 648 318 726 tione
339 654 541 738 enascitur,
569 653 640 740 ita,
666 651 860 724 deficiente
881 651 993 740 folio,
1027 653 1272 725 retentionem
1295 653 1353 722 in·

216 751 393 825 crementi
420 749 619 823 admodum
650 751 891 850 conspicuam
925 769 1119 850 expectare
1143 751 1205 823 hic
1238 750 1353 836 nolis,

128 873 131 888 ·
212 851 282 923 sed
303 849 483 948 vegetatio
509 850 618 922 durat
644 849 684 918 in
708 849 812 946 Algis
842 850 928 921 dum
955 848 1169 948 vegetabilis
1196 849 1355 920 materia

214 949 345 1035 subsit,
373 973 467 1048 quae
481 973 564 1018 eum
577 949 617 1020 in
630 973 737 1020 usum
751 947 995 1048 impendatur,
1022 949 1190 1047 repetitis
1205 971 1355 1045 semper

216 1047 431 1120 cellularum
457 1047 588 1118 formis
611 1045 810 1145 primariis.
869 1048 989 1145 Quare
1022 1047 1143 1121 evenit
1172 1063 1212 1117 ut
1235 1046 1355 1142 Algae

214 1146 348 1217 mirum
370 1163 510 1242 quanta
530 1144 659 1218 sobole
682 1145 870 1218 abundent
893 1163 931 1217 et
950 1171 1060 1242 quam
1083 1144 1251 1244 plurimis
1273 1144 1354 1215 for-

213 1245 285 1317 mis
308 1243 596 1350 distinguantur,
632 1243 736 1340 cujus
757 1243 1039 1342 polymorphiae
1064 1245 1163 1316 vices
1191 1241 1353 1339 singula-

214 1369 296 1414 rum
320 1344 527 1443 specierum
546 1341 970 1438 cognitioncmpreddere
991 1341 1247 1414 difficillimam
1268 1339 1352 1412 nul·

213 1441 271 1513 lus
297 1458 355 1513 est
372 1440 654 1526 Botanicorum,
695 1441 759 1538 qui
779 1441 934 1512 nesciat.

313 1539 525 1612 Secundum
560 1563 792 1612 communem
823 1539 960 1634 legemr
1013 1535 1282 1634 vegetationem
1311 1553 1353 1608 et

181 1674 184 1683 =
213 1636 538 1710 fructificationem
565 1637 734 1709 intense
768 1636 954 1709 adversari
985 1653 1097 1733 atque
1122 1634 1281 1710 invicem
1309 1659 1352 1708 se

211 1735 344 1808 tollere
351 1784 363 1822 ,
389 1734 403 1804 i
431 1759 473 1808 sa
486 1735 677 1831 generatio
693 1734 856 1833 partium
870 1733 1130 1835 propagationi
1148 1732 1353 1807 inservien-

210 1833 305 1905 tium
330 1760 428 1904 nihil
446 1833 615 1931 profecto
643 1831 745 1903 aliud
765 1851 839 1920 est,
879 1851 1139 1935 praeterquam
1165 1832 1352 1930 repressio

178 1943 182 1955 ’
211 1931 475 2029 vegetationis,
512 1945 643 2030 utpote
664 1957 792 2004 mucus
816 1932 908 2024 alias
931 1932 979 2004 ad
998 1928 1272 2028 generationem
1291 1954 1353 2001 re-

214 2029 377 2102 centium
401 2029 590 2102 frondium
615 2029 818 2105 destinatus
843 2030 897 2102 nil
921 2055 1014 2130 opus
1039 2027 1168 2115 habet,
1207 2027 1281 2098 nisi
1300 2027 1351 2100 ab

212 2128 357 2226 reliqua
376 2125 511 2200 fronde
534 2126 765 2226 secernatur,
810 2146 852 2201 ut
876 2153 922 2202 eo
938 2128 1058 2201 ¹modo
1079 2152 1197 2202 norae
1220 2127 1351 2226 stirpis

214 2226 401 2322 singulare
427 2250 578 2322 germen
600 2227 741 2300 evadat.

187 2347 190 2355 ’
310 2323 503 2406 E‘usmodi
522 2324 737 2422 vegetabilis
757 2349 910 2398 mucosa
929 2326 1080 2410 Monas,
1108 2348 1203 2422 quae
1218 2321 1350 2420 globo·

213 2445 293 2494 sam
313 2445 529 2521 pemmque
550 2422 710 2497 sormam
733 2423 873 2511 induit,
906 2423 1174 2497 inuniversum
1198 2421 1352 2519 Spora

212 2520 359 2607 audiat,
388 2546 461 2619 qua
480 2521 625 2594 infimae
644 2522 761 2619 Algae
780 2538 1044 2620 propagantur.
1102 2519 1351 2618 Quemadmo-

212 2618 301 2692 dum
322 2635 445 2692 autem
462 2618 708 2693 nobilioribus
726 2619 865 2719 plantis
885 2638 987 2692 certa
1010 2620 1191 2717 quaedam
1209 2617 1350 2717 planti·

157 2788 163 2801 ,
211 2739 320 2812 geras
342 2716 569 2791 substantiae
591 2717 809 2804 multitudo,
855 2744 949 2817 quae
964 2719 1061 2790 inter
1078 2742 1117 2788 se
1136 2716 1185 2788 sit
1200 2733 1351 2788 contra-

206 2814 268 2885 ·ria
287 2830 324 2885 et
348 2813 508 2912 polaris,
555 2816 652 2888 adsit
675 2841 829 2888 necesse
851 2816 924 2902 est,
969 2834 1010 2888 ut
1033 2833 1219 2888 recentem
1243 2839 1285 2884 ex
1306 2839 1350 2888 se

211 2910 357 3011 prolem
376 2910 538 2997 emittat,
581 2913 738 3011 perinde
761 2913 896 2986 multae
922 2931 1006 2986 sunt
1035 2913 1165 3010 Algae,
1209 2911 1348 3011 quibus

212 3009 367 3109 simplex
387 3033 500 3108 spora
520 3009 569 3084 ad
611 3012 892 3110 ropagationem
915 3038 993 3084 non
1009 3010 1163 3084 sufficit:
1203 3037 1276 3109 qua
1299 3012 1350 3084 de

148 3121 150 3127 '
211 3133 252 3180 re
270 3107 477 3206 complures
495 3132 536 3180 se
551 3036 608 3181 sd
612 3111 762 3182 unicum
778 3112 1021 3209 majusculum
1038 3135 1174 3209 corpus
1190 3111 1350 3208 conjun-

211 3224 319 3302 gunt,
354 3231 448 3304 quae
469 3231 629 3306 corpora
648 3209 796 3326 appello
817 3210 1070 3306 Gongylos·
1105 3297 1107 3304 Ι

306 3302 408 3376 lllius
422 3330 509 3380 rero
528 3305 755 3380 substanttae
773 3307 1034 3408 propagationi
1051 3307 1208 3380 idoneae
1223 3331 1349 3378 seore-

209 3400 265 3475 tio
286 3399 430 3474 interne
455 3403 495 3476 in
512 3404 645 3476 cellula
672 3406 886 3501 conficitur,
929 3407 1094 3503 haecque
1125 3432 1192 3505 per
1225 3422 1348 3477 totum

210 3499 380 3574 ordinem
395 3502 526 3576 eadem
542 3521 600 3576 est
616 3506 711 3579 ratio
730 3506 858 3604 utique
877 3503 948 3578 sibi
970 3522 1164 3592 constans,
1208 3521 1249 3575 ut
1268 3505 1356 3575 ccl··⁴

209 3596 285 3669 lula
309 3623 393 3670 cum
418 3625 542 3674 massa
566 3602 710 3676 interne
738 3604 881 3678 inclusa
915 3628 1094 3703 sporacea
1119 3603 1347 3700 archetypus

209 3694 374 3768 omnium
400 3725 625 3796 organorum
646 3701 921 3776 fructiferorum
939 3701 1082 3774 existat.
1148 3701 1347 3796 Ejusmodi

209 3793 365 3866 callidae
379 3820 409 3866 s.
423 3797 618 3886 vesiculae,
643 3801 756 3874 modo
773 3801 946 3898 singulae,
970 3801 1082 3874 modo
1098 3798 1213 3870 altera
1229 3825 1354 3898 supra

207 3890 382 3980 alteram,
415 3896 579 3970 eminent
600 3917 636 3972 et
652 3899 809 3972 bacillos
830 3899 1003 3972 formant.
1069 3897 1231 3978 Nucleus
1253 3923 1353 3978 vero,

206 3991 465 4090 geminationi
483 4013 590 4095 aptus
605 4023 872 4097 nonnunquam
887 4024 930 4069 ex
946 3996 1159 4070 continente
1176 3995 1352 4080 vesicula¹

156 4115 159 4122 ’
205 4090 279 4182 exit
302 4108 401 4162 etse
423 4093 618 4182 discernit,
663 4097 776 4170 modo
800 4096 932 4168 cellula
953 4121 1037 4169 cum
1051 4118 1174 4168 massa
1195 4093 1351 4174 inclusa,

186 4187 432 4290 propullulat
447 4209 485 4264 et
501 4195 704 4270 crescendo
720 4195 936 4267 extenditur.
1350 4189 1351 4194 ’

227 4375 234 4383 ⁸
303 4287 393 4359 lude
411 4316 508 4365 nova
522 4293 650 4393 planta
668 4294 721 4368 ita
743 4319 783 4366 se
800 4294 964 4394 expedit,
1004 4310 1045 4366 ut
1067 4289 1232 4388 singulae
1257 4291 1339 4390 ejus

202 4384 408 4482 particulae
427 4387 523 4476 inter
542 4418 582 4466 se
598 4393 821 4493 simplicium
841 4393 1055 4466 cellularum
1075 4414 1177 4462 more
1199 4413 1349 4464 concas

201 4499 393 4575 tenentur,
430 4513 525 4588 quae
545 4511 659 4594 prout
682 4494 860 4596 cujusque
889 4493 1027 4594 speciei
1056 4488 1129 4564 lert
1153 4489 1348 4564 structure
