<?xml version="1.0" encoding="UTF-8"?>
<!DOCTYPE html PUBLIC "-//W3C//DTD XHTML 1.0 Transitional//EN"
    "http://www.w3.org/TR/xhtml1/DTD/xhtml1-transitional.dtd">
<html xmlns="http://www.w3.org/1999/xhtml" xml:lang="en" lang="en">
 <head>
  <title>
</title>
<meta http-equiv="Content-Type" content="text/html;charset=utf-8" />
  <meta name='ocr-system' content='tesseract 3.04.00' />
  <meta name='ocr-capabilities' content='ocr_page ocr_carea ocr_par ocr_line ocrx_word'/>
</head>
<body>
  <div class='ocr_page' id='page_1' title='image "./florabrasiliens01tullgoog_0186.png"; bbox 0 0 2656 4902; ppageno 0'>
   <div class='ocr_carea' id='block_1_1' title="bbox 333 273 1129 379">
    <p class='ocr_par' dir='ltr' id='par_1_1' title="bbox 333 273 1129 379">
     <span class='ocr_line' id='line_1_1' title="bbox 333 273 1129 379; baseline 0.021 -20"><span class='ocrx_word' id='word_1_1' title='bbox 333 297 522 362; x_wconf 70' lang='lat' dir='ltr'><strong>Lucrinus.</strong></span> <span class='ocrx_word' id='word_1_2' title='bbox 551 298 793 362; x_wconf 76' lang='lat' dir='ltr'><strong>Tuscorum.</strong></span> <span class='ocrx_word' id='word_1_3' title='bbox 951 279 954 288; x_wconf 40' lang='grc'>’</span> <span class='ocrx_word' id='word_1_4' title='bbox 1067 273 1129 379; x_wconf 67' lang='lat' dir='ltr'><strong>lib</strong></span> 
     </span>
    </p>
   </div>
   <div class='ocr_carea' id='block_1_2' title="bbox 32 455 1134 650">
    <p class='ocr_par' dir='ltr' id='par_1_2' title="bbox 32 455 1134 650">
     <span class='ocr_line' id='line_1_2' title="bbox 33 455 1134 566; baseline 0.003 -17"><span class='ocrx_word' id='word_1_5' title='bbox 33 481 124 550; x_wconf 85' lang='lat' dir='ltr'><strong>lenum</strong></span> <span class='ocrx_word' id='word_1_6' title='bbox 144 479 274 544; x_wconf 78' lang='lat' dir='ltr'><strong>dilatata</strong></span> <span class='ocrx_word' id='word_1_7' title='bbox 296 477 520 566; x_wconf 80' lang='lat' dir='ltr'><strong>subanguloss.</strong></span> <span class='ocrx_word' id='word_1_8' title='bbox 561 475 778 562; x_wconf 81' lang='lat' dir='ltr'><strong>Apothecium</strong></span> <span class='ocrx_word' id='word_1_9' title='bbox 797 480 886 544; x_wconf 81' lang='lat' dir='ltr'><strong>rarle</strong></span> <span class='ocrx_word' id='word_1_10' title='bbox 901 455 1075 552; x_wconf 76' lang='lat' dir='ltr'><strong>formatum</strong></span> <span class='ocrx_word' id='word_1_11' title='bbox 1085 489 1134 558; x_wconf 80' lang='lat' dir='ltr'><strong>ri-</strong></span> 
     </span>
     <span class='ocr_line' id='line_1_3' title="bbox 32 563 939 650; baseline -0.004 -18"><span class='ocrx_word' id='word_1_12' title='bbox 32 573 103 646; x_wconf 72' lang='lat' dir='ltr'><strong>letuu</strong></span> <span class='ocrx_word' id='word_1_13' title='bbox 123 587 197 631; x_wconf 85' lang='lat' dir='ltr'><strong>mox</strong></span> <span class='ocrx_word' id='word_1_14' title='bbox 216 577 342 627; x_wconf 80' lang='lat' dir='ltr'><strong>sursum</strong></span> <span class='ocrx_word' id='word_1_15' title='bbox 363 577 574 650; x_wconf 76' lang='lat' dir='ltr'><strong>angustatum,</strong></span> <span class='ocrx_word' id='word_1_16' title='bbox 597 584 671 626; x_wconf 89' lang='lat' dir='ltr'><strong>mox</strong></span> <span class='ocrx_word' id='word_1_17' title='bbox 691 563 864 629; x_wconf 85' lang='lat' dir='ltr'><strong>dilatatum.</strong></span> <span class='ocrx_word' id='word_1_18' title='bbox 935 575 939 584; x_wconf 90' lang='lat'>&#39;</span> 
     </span>
    </p>
   </div>
   <div class='ocr_carea' id='block_1_3' title="bbox 14 677 1220 937">
    <p class='ocr_par' dir='ltr' id='par_1_3' title="bbox 14 677 1220 937">
     <span class='ocr_line' id='line_1_4' title="bbox 29 677 1220 766; baseline -0.003 -17"><span class='ocrx_word' id='word_1_19' title='bbox 29 707 36 730; x_wconf 88' lang='lat'><strong>·</strong></span> <span class='ocrx_word' id='word_1_20' title='bbox 88 683 202 748; x_wconf 79' lang='lat' dir='ltr'><strong><em>Crescit</em></strong></span> <span class='ocrx_word' id='word_1_21' title='bbox 216 681 249 745; x_wconf 84' lang='lat' dir='ltr'><strong>in</strong></span> <span class='ocrx_word' id='word_1_22' title='bbox 266 681 386 743; x_wconf 86' lang='lat' dir='ltr'><strong>cortice</strong></span> <span class='ocrx_word' id='word_1_23' title='bbox 397 677 652 766; x_wconf 72' lang='lat' dir='ltr'><strong>Cryptocoryoe</strong></span> <span class='ocrx_word' id='word_1_24' title='bbox 669 679 837 762; x_wconf 82' lang='lat' dir='ltr'><strong><em>preciosae</em></strong></span> <span class='ocrx_word' id='word_1_25' title='bbox 853 679 961 752; x_wconf 83' lang='lat' dir='ltr'><strong>Mart.</strong></span> <span class='ocrx_word' id='word_1_26' title='bbox 984 689 1018 752; x_wconf 84' lang='lat' dir='ltr'><strong>in</strong></span> <span class='ocrx_word' id='word_1_27' title='bbox 1034 679 1133 758; x_wconf 68' lang='lat' dir='ltr'><strong>Pron,</strong></span> <span class='ocrx_word' id='word_1_28' title='bbox 1185 752 1187 763; x_wconf 33' lang='grc' dir='ltr'>Ι</span> <span class='ocrx_word' id='word_1_29' title='bbox 1217 743 1220 752; x_wconf 92' lang='grc'><em>,</em></span> 
     </span>
     <span class='ocr_line' id='line_1_5' title="bbox 14 759 1135 864; baseline 0 -34"><span class='ocrx_word' id='word_1_30' title='bbox 14 759 167 844; x_wconf 68' lang='lat' dir='ltr'><strong>,Porsinna</strong></span> <span class='ocrx_word' id='word_1_31' title='bbox 189 789 261 830; x_wconf 87' lang='lat' dir='ltr'><strong>cum</strong></span> <span class='ocrx_word' id='word_1_32' title='bbox 275 763 506 864; x_wconf 52' lang='lat' dir='ltr'><strong>&#39;Diorygmate</strong></span> <span class='ocrx_word' id='word_1_33' title='bbox 535 761 746 828; x_wconf 83' lang='lat' dir='ltr'><strong>Grammitide</strong></span> <span class='ocrx_word' id='word_1_34' title='bbox 774 777 806 828; x_wconf 89' lang='lat' dir='ltr'><strong>et</strong></span> <span class='ocrx_word' id='word_1_35' title='bbox 829 765 994 862; x_wconf 74' lang='lat' dir='ltr'><strong>Grapbide</strong></span> <span class='ocrx_word' id='word_1_36' title='bbox 1026 773 1135 840; x_wconf 81' lang='lat' dir='ltr'><strong>rbizo.</strong></span> 
     </span>
     <span class='ocr_line' id='line_1_6' title="bbox 30 851 369 937; baseline -0.009 -23"><span class='ocrx_word' id='word_1_37' title='bbox 30 853 78 915; x_wconf 84' lang='lat' dir='ltr'><strong>colo</strong></span> <span class='ocrx_word' id='word_1_38' title='bbox 95 875 163 916; x_wconf 84' lang='lat' dir='ltr'><strong>aar.</strong></span> <span class='ocrx_word' id='word_1_39' title='bbox 180 851 369 937; x_wconf 76' lang='lat' dir='ltr'><strong>psittacina.</strong></span> 
     </span>
    </p>
   </div>
   <div class='ocr_carea' id='block_1_4' title="bbox 176 1017 965 1117">
    <p class='ocr_par' dir='ltr' id='par_1_4' title="bbox 176 1017 965 1117">
     <span class='ocr_line' id='line_1_7' title="bbox 176 1017 965 1117; baseline 0.003 -9"><span class='ocrx_word' id='word_1_40' title='bbox 176 1055 204 1108; x_wconf 73' lang='grc' dir='ltr'><strong>ὅ.</strong></span> <span class='ocrx_word' id='word_1_41' title='bbox 228 1017 538 1112; x_wconf 72' lang='lat' dir='ltr'><strong>rusucurium</strong></span> <span class='ocrx_word' id='word_1_42' title='bbox 587 1059 913 1111; x_wconf 69' lang='lat' dir='ltr'><strong>mensurarum.</strong></span> <span class='ocrx_word' id='word_1_43' title='bbox 945 1053 965 1117; x_wconf 70' lang='lat' dir='ltr'><strong>r</strong></span> 
     </span>
    </p>
   </div>
   <div class='ocr_carea' id='block_1_5' title="bbox 30 1171 1151 1600">
    <p class='ocr_par' dir='ltr' id='par_1_5' title="bbox 30 1171 1151 1600">
     <span class='ocr_line' id='line_1_8' title="bbox 85 1171 1136 1288; baseline 0.008 -26"><span class='ocrx_word' id='word_1_44' title='bbox 85 1171 141 1262; x_wconf 77' lang='lat' dir='ltr'><strong>Tb.</strong></span> <span class='ocrx_word' id='word_1_45' title='bbox 164 1211 269 1261; x_wconf 88' lang='lat' dir='ltr'><strong>crusta</strong></span> <span class='ocrx_word' id='word_1_46' title='bbox 281 1195 524 1259; x_wconf 80' lang='lat' dir='ltr'><strong>membranaceo</strong></span> <span class='ocrx_word' id='word_1_47' title='bbox 538 1193 837 1280; x_wconf 78' lang='lat' dir='ltr'><strong>(hypopbloeode‘i)</strong></span> <span class='ocrx_word' id='word_1_48' title='bbox 859 1198 960 1264; x_wconf 77' lang='lat' dir='ltr'><strong>diluto</strong></span> <span class='ocrx_word' id='word_1_49' title='bbox 973 1201 1136 1288; x_wconf 77' lang='lat' dir='ltr'><strong>hepaticus,</strong></span> 
     </span>
     <span class='ocr_line' id='line_1_9' title="bbox 35 1279 1138 1374; baseline 0.006 -28"><span class='ocrx_word' id='word_1_50' title='bbox 35 1285 153 1368; x_wconf 76' lang='lat' dir='ltr'><strong>excipulo‘</strong></span> <span class='ocrx_word' id='word_1_51' title='bbox 174 1283 229 1346; x_wconf 83' lang='lat' dir='ltr'><strong>rix</strong></span> <span class='ocrx_word' id='word_1_52' title='bbox 259 1279 466 1366; x_wconf 88' lang='lat' dir='ltr'><strong>prominulo‚</strong></span> <span class='ocrx_word' id='word_1_53' title='bbox 512 1295 683 1362; x_wconf 79' lang='lat' dir='ltr'><strong>aperturus</strong></span> <span class='ocrx_word' id='word_1_54' title='bbox 723 1283 954 1364; x_wconf 86' lang='lat' dir='ltr'><strong>punctiformis</strong></span> <span class='ocrx_word' id='word_1_55' title='bbox 992 1291 1138 1374; x_wconf 76' lang='lat' dir='ltr'><strong>margine</strong></span> 
     </span>
     <span class='ocr_line' id='line_1_10' title="bbox 35 1360 1151 1447; baseline 0.009 -18"><span class='ocrx_word' id='word_1_56' title='bbox 35 1369 121 1432; x_wconf 81' lang='lat' dir='ltr'><strong>elevato</strong></span> <span class='ocrx_word' id='word_1_57' title='bbox 146 1366 274 1440; x_wconf 81' lang='lat' dir='ltr'><strong>albido,</strong></span> <span class='ocrx_word' id='word_1_58' title='bbox 305 1363 488 1447; x_wconf 80' lang='lat' dir='ltr'><strong>peritbecio</strong></span> <span class='ocrx_word' id='word_1_59' title='bbox 518 1365 609 1446; x_wconf 78' lang='lat' dir='ltr'><strong>tenui</strong></span> <span class='ocrx_word' id='word_1_60' title='bbox 639 1365 877 1445; x_wconf 84' lang='lat' dir='ltr'><strong>subcylindrico</strong></span> <span class='ocrx_word' id='word_1_61' title='bbox 908 1383 1042 1434; x_wconf 84' lang='lat' dir='ltr'><strong>stratum</strong></span> <span class='ocrx_word' id='word_1_62' title='bbox 1070 1360 1151 1438; x_wconf 53' lang='lat' dir='ltr'><strong>the-⁵</strong></span> 
     </span>
     <span class='ocr_line' id='line_1_11' title="bbox 32 1445 1137 1600; baseline 0.012 -91"><span class='ocrx_word' id='word_1_63' title='bbox 32 1454 144 1600; x_wconf 66' lang='lat' dir='ltr'><strong>cighemm</strong></span> <span class='ocrx_word' id='word_1_64' title='bbox 175 1449 431 1538; x_wconf 84' lang='lat' dir='ltr'><strong>(apothecium)</strong></span> <span class='ocrx_word' id='word_1_65' title='bbox 462 1445 641 1513; x_wconf 75' lang='lat' dir='ltr'><strong>substantia</strong></span> <span class='ocrx_word' id='word_1_66' title='bbox 667 1449 810 1513; x_wconf 83' lang='lat' dir='ltr'><strong>thallode</strong></span> <span class='ocrx_word' id='word_1_67' title='bbox 846 1453 1027 1519; x_wconf 74' lang='lat' dir='ltr'><strong>involutum</strong></span> <span class='ocrx_word' id='word_1_68' title='bbox 1064 1457 1137 1522; x_wconf 73' lang='lat' dir='ltr'><strong>laxe</strong></span> 
     </span>
     <span class='ocr_line' id='line_1_12' title="bbox 30 1552 171 1600; baseline 0.028 -4"><span class='ocrx_word' id='word_1_69' title='bbox 30 1556 58 1598; x_wconf 80' lang='lat' dir='ltr'><strong>sn</strong></span> <span class='ocrx_word' id='word_1_70' title='bbox 74 1552 171 1600; x_wconf 80' lang='lat' dir='ltr'><strong>sente.</strong></span> 
     </span>
    </p>
   </div>
   <div class='ocr_carea' id='block_1_6' title="bbox 79 1642 748 1734">
    <p class='ocr_par' dir='ltr' id='par_1_6' title="bbox 79 1642 748 1734">
     <span class='ocr_line' id='line_1_13' title="bbox 79 1642 748 1734; baseline -0.007 -18"><span class='ocrx_word' id='word_1_71' title='bbox 79 1644 173 1716; x_wconf 82' lang='lat' dir='ltr'><strong>Icoir.</strong></span> <span class='ocrx_word' id='word_1_72' title='bbox 194 1649 254 1717; x_wconf 84' lang='lat' dir='ltr'><strong>sel.</strong></span> <span class='ocrx_word' id='word_1_73' title='bbox 276 1660 430 1734; x_wconf 73' lang='lat' dir='ltr'><strong>cryptog.</strong></span> <span class='ocrx_word' id='word_1_74' title='bbox 452 1651 521 1712; x_wconf 83' lang='lat' dir='ltr'><strong>tob.</strong></span> <span class='ocrx_word' id='word_1_75' title='bbox 547 1669 594 1712; x_wconf 84' lang='lat' dir='ltr'><strong>ro.</strong></span> <span class='ocrx_word' id='word_1_76' title='bbox 626 1642 693 1729; x_wconf 78' lang='lat' dir='ltr'><strong>fig.</strong></span> <span class='ocrx_word' id='word_1_77' title='bbox 715 1647 748 1712; x_wconf 82' lang='grc'><strong>3.</strong></span> 
     </span>
    </p>
   </div>
   <div class='ocr_carea' id='block_1_7' title="bbox 26 1763 1163 2196">
    <p class='ocr_par' dir='ltr' id='par_1_7' title="bbox 26 1763 1163 2196">
     <span class='ocr_line' id='line_1_14' title="bbox 72 1763 1137 1852; baseline -0.004 -19"><span class='ocrx_word' id='word_1_78' title='bbox 72 1769 213 1835; x_wconf 62' lang='lat' dir='ltr'><strong>*Thallus</strong></span> <span class='ocrx_word' id='word_1_79' title='bbox 237 1769 323 1830; x_wconf 88' lang='lat' dir='ltr'><strong>idem</strong></span> <span class='ocrx_word' id='word_1_80' title='bbox 352 1765 408 1852; x_wconf 90' lang='lat' dir='ltr'><strong>qui</strong></span> <span class='ocrx_word' id='word_1_81' title='bbox 440 1765 624 1848; x_wconf 77' lang='lat' dir='ltr'><strong>specierum</strong></span> <span class='ocrx_word' id='word_1_82' title='bbox 653 1763 841 1844; x_wconf 80' lang='lat' dir='ltr'><strong>confinium,</strong></span> <span class='ocrx_word' id='word_1_83' title='bbox 864 1767 985 1845; x_wconf 86' lang='lat' dir='ltr'><strong>tenuis,</strong></span> <span class='ocrx_word' id='word_1_84' title='bbox 1010 1771 1137 1838; x_wconf 75' lang='lat' dir='ltr'><strong>sublae.</strong></span> 
     </span>
     <span class='ocr_line' id='line_1_15' title="bbox 27 1849 1163 1940; baseline 0.002 -20"><span class='ocrx_word' id='word_1_85' title='bbox 27 1857 123 1940; x_wconf 81' lang='lat' dir='ltr'><strong>rigstus</strong></span> <span class='ocrx_word' id='word_1_86' title='bbox 147 1875 206 1917; x_wconf 88' lang='lat' dir='ltr'><strong>nec</strong></span> <span class='ocrx_word' id='word_1_87' title='bbox 228 1851 360 1926; x_wconf 86' lang='lat' dir='ltr'><strong>nitidus,</strong></span> <span class='ocrx_word' id='word_1_88' title='bbox 391 1849 494 1912; x_wconf 83' lang='lat' dir='ltr'><strong>dilute</strong></span> <span class='ocrx_word' id='word_1_89' title='bbox 515 1850 693 1932; x_wconf 81' lang='lat' dir='ltr'><strong>hepaticus,</strong></span> <span class='ocrx_word' id='word_1_90' title='bbox 728 1852 830 1935; x_wconf 79' lang='lat' dir='ltr'><strong>magis</strong></span> <span class='ocrx_word' id='word_1_91' title='bbox 854 1853 1002 1918; x_wconf 85' lang='lat' dir='ltr'><strong>minusve</strong></span> <span class='ocrx_word' id='word_1_92' title='bbox 1034 1859 1163 1924; x_wconf 82' lang='lat' dir='ltr'><strong>vires·&#39;</strong></span> 
     </span>
     <span class='ocr_line' id='line_1_16' title="bbox 27 1933 1140 2026; baseline -0.003 -23"><span class='ocrx_word' id='word_1_93' title='bbox 27 1961 85 2018; x_wconf 84' lang='lat' dir='ltr'><strong>cens,</strong></span> <span class='ocrx_word' id='word_1_94' title='bbox 118 1939 159 2003; x_wconf 79' lang='lat' dir='ltr'><strong>sd</strong></span> <span class='ocrx_word' id='word_1_95' title='bbox 186 1934 360 2002; x_wconf 87' lang='lat' dir='ltr'><strong>confinium</strong></span> <span class='ocrx_word' id='word_1_96' title='bbox 387 1933 725 2018; x_wconf 81' lang='lat' dir='ltr'><strong>nigro-marginatus.</strong></span> <span class='ocrx_word' id='word_1_97' title='bbox 782 1936 965 2018; x_wconf 80' lang='lat' dir='ltr'><strong>Apothecla</strong></span> <span class='ocrx_word' id='word_1_98' title='bbox 1007 1943 1140 2026; x_wconf 73' lang='lat' dir='ltr'><strong>quidem</strong></span> 
     </span>
     <span class='ocr_line' id='line_1_17' title="bbox 26 2019 1140 2102; baseline -0.001 -16"><span class='ocrx_word' id='word_1_99' title='bbox 26 2029 130 2100; x_wconf 83' lang='lat' dir='ltr'><strong>minuta,</strong></span> <span class='ocrx_word' id='word_1_100' title='bbox 155 2025 195 2088; x_wconf 81' lang='lat' dir='ltr'><strong>ad</strong></span> <span class='ocrx_word' id='word_1_101' title='bbox 216 2021 345 2084; x_wconf 87' lang='lat' dir='ltr'><strong>oculum</strong></span> <span class='ocrx_word' id='word_1_102' title='bbox 365 2019 484 2080; x_wconf 81' lang='lat' dir='ltr'><strong>nudum</strong></span> <span class='ocrx_word' id='word_1_103' title='bbox 506 2031 614 2090; x_wconf 81' lang='lat' dir='ltr'><strong>tumen</strong></span> <span class='ocrx_word' id='word_1_104' title='bbox 637 2019 781 2102; x_wconf 79' lang='lat' dir='ltr'><strong>margine</strong></span> <span class='ocrx_word' id='word_1_105' title='bbox 805 2021 982 2084; x_wconf 86' lang='lat' dir='ltr'><strong>orbiculari</strong></span> <span class='ocrx_word' id='word_1_106' title='bbox 1012 2027 1140 2092; x_wconf 85' lang='lat' dir='ltr'><strong>elevato</strong></span> 
     </span>
     <span class='ocr_line' id='line_1_18' title="bbox 26 2103 1139 2196; baseline -0.002 -24"><span class='ocrx_word' id='word_1_107' title='bbox 26 2123 94 2196; x_wconf 76' lang='lat' dir='ltr'><strong>sique</strong></span> <span class='ocrx_word' id='word_1_108' title='bbox 118 2109 288 2179; x_wconf 84' lang='lat' dir='ltr'><strong>velamine,</strong></span> <span class='ocrx_word' id='word_1_109' title='bbox 303 2103 390 2188; x_wconf 85' lang='lat' dir='ltr'><strong>quod</strong></span> <span class='ocrx_word' id='word_1_110' title='bbox 401 2103 435 2165; x_wconf 88' lang='lat' dir='ltr'><strong>in</strong></span> <span class='ocrx_word' id='word_1_111' title='bbox 458 2103 627 2165; x_wconf 79' lang='lat' dir='ltr'>altioribus</span> <span class='ocrx_word' id='word_1_112' title='bbox 651 2124 747 2186; x_wconf 85' lang='lat' dir='ltr'><strong>saepe</strong></span> <span class='ocrx_word' id='word_1_113' title='bbox 771 2106 982 2169; x_wconf 78' lang='lat' dir='ltr'><strong>circumcirca</strong></span> <span class='ocrx_word' id='word_1_114' title='bbox 997 2108 1139 2175; x_wconf 85' lang='lat' dir='ltr'><strong>liberum</strong></span> 
     </span>
    </p>
   </div>
   <div class='ocr_carea' id='block_1_8' title="bbox 27 2187 1250 2274">
    <p class='ocr_par' dir='ltr' id='par_1_8' title="bbox 27 2187 1250 2274">
     <span class='ocr_line' id='line_1_19' title="bbox 27 2187 1250 2274; baseline 0.001 -15"><span class='ocrx_word' id='word_1_115' title='bbox 27 2211 173 2274; x_wconf 78' lang='lat' dir='ltr'><strong>aperturae</strong></span> <span class='ocrx_word' id='word_1_116' title='bbox 193 2189 364 2264; x_wconf 82' lang='lat' dir='ltr'><strong>incumbit,</strong></span> <span class='ocrx_word' id='word_1_117' title='bbox 386 2206 468 2270; x_wconf 84' lang='lat' dir='ltr'><strong>prae</strong></span> <span class='ocrx_word' id='word_1_118' title='bbox 489 2187 561 2247; x_wconf 85' lang='lat' dir='ltr'><strong>aliis</strong></span> <span class='ocrx_word' id='word_1_119' title='bbox 582 2187 744 2250; x_wconf 80' lang='lat' dir='ltr'><strong>distincta.</strong></span> <span class='ocrx_word' id='word_1_120' title='bbox 789 2189 887 2271; x_wconf 86' lang='lat' dir='ltr'><strong>(icon.</strong></span> <span class='ocrx_word' id='word_1_121' title='bbox 911 2191 964 2252; x_wconf 86' lang='lat' dir='ltr'><strong>cit.</strong></span> <span class='ocrx_word' id='word_1_122' title='bbox 979 2194 1047 2258; x_wconf 88' lang='lat' dir='ltr'><strong>tob.</strong></span> <span class='ocrx_word' id='word_1_123' title='bbox 1071 2193 1138 2258; x_wconf 84' lang='lat' dir='ltr'><strong>m.</strong></span> <span class='ocrx_word' id='word_1_124' title='bbox 1247 2249 1250 2259; x_wconf 92' lang='grc'><em>,</em></span> 
     </span>
    </p>
   </div>
   <div class='ocr_carea' id='block_1_9' title="bbox 17 2265 1188 3030">
    <p class='ocr_par' dir='ltr' id='par_1_9' title="bbox 17 2265 1188 3030">
     <span class='ocr_line' id='line_1_20' title="bbox 26 2265 1138 2362; baseline 0.003 -23"><span class='ocrx_word' id='word_1_125' title='bbox 26 2273 55 2358; x_wconf 81' lang='lat' dir='ltr'><strong>ig</strong></span> <span class='ocrx_word' id='word_1_126' title='bbox 80 2301 110 2341; x_wconf 82' lang='lat' dir='ltr'><strong>a.</strong></span> <span class='ocrx_word' id='word_1_127' title='bbox 135 2265 182 2356; x_wconf 80' lang='grc'><strong>3.)</strong></span> <span class='ocrx_word' id='word_1_128' title='bbox 228 2279 395 2338; x_wconf 86' lang='lat' dir='ltr'><strong>Structura</strong></span> <span class='ocrx_word' id='word_1_129' title='bbox 415 2285 588 2354; x_wconf 85' lang='lat' dir='ltr'><strong>praeterea</strong></span> <span class='ocrx_word' id='word_1_130' title='bbox 611 2272 804 2355; x_wconf 82' lang='lat' dir='ltr'><strong>singularis,</strong></span> <span class='ocrx_word' id='word_1_131' title='bbox 837 2295 908 2336; x_wconf 86' lang='lat' dir='ltr'><strong>cum</strong></span> <span class='ocrx_word' id='word_1_132' title='bbox 936 2277 1018 2340; x_wconf 85' lang='lat' dir='ltr'><strong>intra</strong></span> <span class='ocrx_word' id='word_1_133' title='bbox 1048 2280 1138 2362; x_wconf 91' lang='lat' dir='ltr'><strong>peri·</strong></span> 
     </span>
     <span class='ocr_line' id='line_1_21' title="bbox 22 2357 1141 2444; baseline -0.001 -18"><span class='ocrx_word' id='word_1_134' title='bbox 22 2366 141 2429; x_wconf 81' lang='lat' dir='ltr'><strong>thesium</strong></span> <span class='ocrx_word' id='word_1_135' title='bbox 163 2359 375 2444; x_wconf 85' lang='lat' dir='ltr'><strong>cylindricum</strong></span> <span class='ocrx_word' id='word_1_136' title='bbox 391 2357 501 2443; x_wconf 19' lang='lat' dir='ltr'><strong>*rarius</strong></span> <span class='ocrx_word' id='word_1_137' title='bbox 523 2377 649 2418; x_wconf 88' lang='lat' dir='ltr'><strong>sursum</strong></span> <span class='ocrx_word' id='word_1_138' title='bbox 662 2358 827 2440; x_wconf 68' lang='lat' dir='ltr'><strong>angustius</strong></span> <span class='ocrx_word' id='word_1_139' title='bbox 851 2362 1027 2425; x_wconf 81' lang='lat' dir='ltr'><strong>substantia</strong></span> <span class='ocrx_word' id='word_1_140' title='bbox 1057 2361 1141 2427; x_wconf 85' lang='lat' dir='ltr'><strong>thal-</strong></span> 
     </span>
     <span class='ocr_line' id='line_1_22' title="bbox 22 2441 1141 2531; baseline 0.002 -21"><span class='ocrx_word' id='word_1_141' title='bbox 22 2447 88 2512; x_wconf 84' lang='lat' dir='ltr'><strong>loles</strong></span> <span class='ocrx_word' id='word_1_142' title='bbox 112 2467 188 2510; x_wconf 88' lang='lat' dir='ltr'><strong>cum</strong></span> <span class='ocrx_word' id='word_1_143' title='bbox 207 2443 308 2506; x_wconf 85' lang='lat' dir='ltr'><strong>thallo</strong></span> <span class='ocrx_word' id='word_1_144' title='bbox 329 2443 403 2522; x_wconf 91' lang='lat' dir='ltr'><strong>ipso</strong></span> <span class='ocrx_word' id='word_1_145' title='bbox 428 2459 568 2523; x_wconf 80' lang='lat' dir='ltr'><strong>superne</strong></span> <span class='ocrx_word' id='word_1_146' title='bbox 590 2441 630 2502; x_wconf 87' lang='lat' dir='ltr'><strong>sd</strong></span> <span class='ocrx_word' id='word_1_147' title='bbox 652 2457 835 2524; x_wconf 82' lang='lat' dir='ltr'><strong>aperturam</strong></span> <span class='ocrx_word' id='word_1_148' title='bbox 865 2442 1030 2508; x_wconf 85' lang='lat' dir='ltr'><strong>confluens</strong></span> <span class='ocrx_word' id='word_1_149' title='bbox 1062 2471 1141 2531; x_wconf 88' lang='lat' dir='ltr'><strong>apo·</strong></span> 
     </span>
     <span class='ocr_line' id='line_1_23' title="bbox 22 2525 1139 2616; baseline 0.001 -24"><span class='ocrx_word' id='word_1_150' title='bbox 22 2533 143 2596; x_wconf 82' lang='lat' dir='ltr'><strong>thesium</strong></span> <span class='ocrx_word' id='word_1_151' title='bbox 164 2554 190 2594; x_wconf 88' lang='lat' dir='ltr'><strong>s.</strong></span> <span class='ocrx_word' id='word_1_152' title='bbox 214 2539 347 2592; x_wconf 82' lang='lat' dir='ltr'><strong>stratum</strong></span> <span class='ocrx_word' id='word_1_153' title='bbox 360 2525 562 2608; x_wconf 86' lang='lat' dir='ltr'><strong>thecigerum</strong></span> <span class='ocrx_word' id='word_1_154' title='bbox 574 2526 729 2600; x_wconf 85' lang='lat' dir='ltr'><strong>involvat,</strong></span> <span class='ocrx_word' id='word_1_155' title='bbox 753 2548 846 2612; x_wconf 85' lang='lat' dir='ltr'><strong>quam</strong></span> <span class='ocrx_word' id='word_1_156' title='bbox 860 2529 990 2611; x_wconf 88' lang='lat' dir='ltr'><strong>quidem</strong></span> <span class='ocrx_word' id='word_1_157' title='bbox 1006 2553 1066 2614; x_wconf 85' lang='lat' dir='ltr'><strong>pro</strong></span> <span class='ocrx_word' id='word_1_158' title='bbox 1080 2553 1139 2616; x_wconf 86' lang='lat' dir='ltr'><strong>pe-</strong></span> 
     </span>
     <span class='ocr_line' id='line_1_24' title="bbox 22 2609 1139 2700; baseline -0.009 -22"><span class='ocrx_word' id='word_1_159' title='bbox 22 2619 141 2682; x_wconf 81' lang='lat' dir='ltr'><strong>rillecio</strong></span> <span class='ocrx_word' id='word_1_160' title='bbox 159 2616 296 2687; x_wconf 81' lang='lat' dir='ltr'><strong>interno,</strong></span> <span class='ocrx_word' id='word_1_161' title='bbox 321 2611 415 2695; x_wconf 84' lang='lat' dir='ltr'><strong>quale</strong></span> <span class='ocrx_word' id='word_1_162' title='bbox 426 2610 459 2671; x_wconf 91' lang='lat' dir='ltr'><strong>in</strong></span> <span class='ocrx_word' id='word_1_163' title='bbox 472 2609 544 2670; x_wconf 71' lang='lat' dir='ltr'><strong>aliis</strong></span> <span class='ocrx_word' id='word_1_164' title='bbox 569 2610 741 2690; x_wconf 82' lang='lat' dir='ltr'><strong>speciebus</strong></span> <span class='ocrx_word' id='word_1_165' title='bbox 764 2611 970 2674; x_wconf 86' lang='lat' dir='ltr'><strong>Acharius</strong></span> <span class='ocrx_word' id='word_1_166' title='bbox 991 2615 1139 2700; x_wconf 86' lang='lat' dir='ltr'><strong>descrip.</strong></span> 
     </span>
     <span class='ocr_line' id='line_1_25' title="bbox 21 2685 1140 2781; baseline -0.001 -16"><span class='ocrx_word' id='word_1_167' title='bbox 21 2692 555 2780; x_wconf 75' lang='lat' dir='ltr'><strong>sit,haberen0nposmn1(icon.</strong></span> <span class='ocrx_word' id='word_1_168' title='bbox 579 2691 632 2754; x_wconf 86' lang='lat' dir='ltr'><strong>cit.</strong></span> <span class='ocrx_word' id='word_1_169' title='bbox 646 2685 713 2775; x_wconf 84' lang='lat' dir='ltr'><strong>fig.</strong></span> <span class='ocrx_word' id='word_1_170' title='bbox 737 2693 805 2756; x_wconf 89' lang='grc' dir='ltr'><strong><em>ΙΙΙ.</em></strong></span> <span class='ocrx_word' id='word_1_171' title='bbox 837 2693 867 2756; x_wconf 87' lang='grc'><strong>3.</strong></span> <span class='ocrx_word' id='word_1_172' title='bbox 890 2697 949 2774; x_wconf 64' lang='lat' dir='ltr'><strong>tc),</strong></span> <span class='ocrx_word' id='word_1_173' title='bbox 993 2699 1140 2781; x_wconf 61' lang='lat' dir='ltr'><strong>Apotbc÷</strong></span> 
     </span>
     <span class='ocr_line' id='line_1_26' title="bbox 21 2775 1188 2870; baseline -0.001 -23"><span class='ocrx_word' id='word_1_174' title='bbox 21 2787 84 2850; x_wconf 86' lang='lat' dir='ltr'><strong>cium</strong></span> <span class='ocrx_word' id='word_1_175' title='bbox 113 2786 226 2870; x_wconf 84' lang='lat' dir='ltr'><strong>junius</strong></span> <span class='ocrx_word' id='word_1_176' title='bbox 261 2799 392 2865; x_wconf 85' lang='lat' dir='ltr'><strong>quoque</strong></span> <span class='ocrx_word' id='word_1_177' title='bbox 416 2775 507 2840; x_wconf 85' lang='lat' dir='ltr'><strong>utils</strong></span> <span class='ocrx_word' id='word_1_178' title='bbox 540 2777 776 2838; x_wconf 79' lang='lat' dir='ltr'><strong>Parmeliis</strong></span> <span class='ocrx_word' id='word_1_179' title='bbox 797 2777 967 2860; x_wconf 83' lang='lat' dir='ltr'><strong>globosum</strong></span> <span class='ocrx_word' id='word_1_180' title='bbox 998 2805 1059 2846; x_wconf 86' lang='lat' dir='ltr'><strong>nec</strong></span> <span class='ocrx_word' id='word_1_181' title='bbox 1084 2807 1139 2850; x_wconf 90' lang='lat' dir='ltr'><strong>co·</strong></span> <span class='ocrx_word' id='word_1_182' title='bbox 1183 2847 1188 2866; x_wconf 43' lang='lat'><strong>¹</strong></span> 
     </span>
     <span class='ocr_line' id='line_1_27' title="bbox 17 2855 1169 2946; baseline 0.003 -18"><span class='ocrx_word' id='word_1_183' title='bbox 17 2871 117 2934; x_wconf 75' lang='lat' dir='ltr'><strong>nicom.</strong></span> <span class='ocrx_word' id='word_1_184' title='bbox 161 2869 260 2946; x_wconf 82' lang='lat' dir='ltr'><strong>(icon.</strong></span> <span class='ocrx_word' id='word_1_185' title='bbox 283 2863 336 2924; x_wconf 88' lang='lat' dir='ltr'><strong>cit.</strong></span> <span class='ocrx_word' id='word_1_186' title='bbox 350 2855 420 2940; x_wconf 79' lang='lat' dir='ltr'><strong>fig.</strong></span> <span class='ocrx_word' id='word_1_187' title='bbox 443 2859 508 2923; x_wconf 79' lang='lat' dir='ltr'><strong>Ill.</strong></span> <span class='ocrx_word' id='word_1_188' title='bbox 531 2863 591 2940; x_wconf 71' lang='grc'>4.).</span> <span class='ocrx_word' id='word_1_189' title='bbox 637 2861 765 2924; x_wconf 85' lang='lat' dir='ltr'><strong>Tbecae</strong></span> <span class='ocrx_word' id='word_1_190' title='bbox 791 2865 1024 2928; x_wconf 76' lang='lat' dir='ltr'><strong>minutissimie</strong></span> <span class='ocrx_word' id='word_1_191' title='bbox 1049 2885 1169 2934; x_wconf 77' lang='lat' dir='ltr'><strong>oct0·‚</strong></span> 
     </span>
     <span class='ocr_line' id='line_1_28' title="bbox 17 2945 1085 3030; baseline -0.001 -13"><span class='ocrx_word' id='word_1_192' title='bbox 17 2977 57 3020; x_wconf 85' lang='lat' dir='ltr'><strong>me</strong></span> <span class='ocrx_word' id='word_1_193' title='bbox 81 2947 242 3030; x_wconf 77' lang='lat' dir='ltr'><strong>serietas,</strong></span> <span class='ocrx_word' id='word_1_194' title='bbox 273 2945 608 3028; x_wconf 77' lang='lat' dir='ltr'><strong>orato-cylindricse,</strong></span> <span class='ocrx_word' id='word_1_195' title='bbox 631 2945 795 3028; x_wconf 78' lang='lat' dir='ltr'><strong>simplices</strong></span> <span class='ocrx_word' id='word_1_196' title='bbox 818 2968 886 3010; x_wconf 58' lang='lat' dir='ltr'><strong>nec*</strong></span> <span class='ocrx_word' id='word_1_197' title='bbox 908 2952 1085 3016; x_wconf 79' lang='lat' dir='ltr'><strong>annulatae.</strong></span> 
     </span>
    </p>
   </div>
   <div class='ocr_carea' id='block_1_10' title="bbox 16 3043 1144 3240">
    <p class='ocr_par' dir='ltr' id='par_1_10' title="bbox 16 3043 1144 3240">
     <span class='ocr_line' id='line_1_29' title="bbox 86 3043 1144 3145; baseline -0.012 -9"><span class='ocrx_word' id='word_1_198' title='bbox 86 3070 210 3136; x_wconf 79' lang='lat' dir='ltr'><strong>Crescit</strong></span> <span class='ocrx_word' id='word_1_199' title='bbox 242 3065 274 3127; x_wconf 86' lang='lat' dir='ltr'><strong>in</strong></span> <span class='ocrx_word' id='word_1_200' title='bbox 310 3062 431 3126; x_wconf 84' lang='lat' dir='ltr'><strong>cortice</strong></span> <span class='ocrx_word' id='word_1_201' title='bbox 451 3065 606 3124; x_wconf 83' lang='lat' dir='ltr'><strong>orborum</strong></span> <span class='ocrx_word' id='word_1_202' title='bbox 623 3083 728 3145; x_wconf 85' lang='lat' dir='ltr'><strong>prope</strong></span> <span class='ocrx_word' id='word_1_203' title='bbox 754 3053 847 3124; x_wconf 84' lang='lat' dir='ltr'><strong>Pora&#39;</strong></span> <span class='ocrx_word' id='word_1_204' title='bbox 879 3043 1010 3145; x_wconf 79' lang='lat' dir='ltr'><strong>confine</strong></span> <span class='ocrx_word' id='word_1_205' title='bbox 1042 3065 1144 3133; x_wconf 89' lang='lat' dir='ltr'><strong>Leio.</strong></span> 
     </span>
     <span class='ocr_line' id='line_1_30' title="bbox 16 3145 628 3240; baseline -0.023 -20"><span class='ocrx_word' id='word_1_206' title='bbox 16 3155 179 3240; x_wconf 77' lang='lat' dir='ltr'><strong>grammati</strong></span> <span class='ocrx_word' id='word_1_207' title='bbox 191 3153 354 3236; x_wconf 65' lang='lat' dir='ltr'><strong>&#39;ungrsstm</strong></span> <span class='ocrx_word' id='word_1_208' title='bbox 375 3164 447 3215; x_wconf 80' lang='lat' dir='ltr'><strong>cor.</strong></span> <span class='ocrx_word' id='word_1_209' title='bbox 469 3145 628 3230; x_wconf 77' lang='lat' dir='ltr'><strong>hepatico.</strong></span> 
     </span>
    </p>
   </div>
   <div class='ocr_carea' id='block_1_11' title="bbox 14 3261 1215 3767">
    <p class='ocr_par' dir='ltr' id='par_1_11' title="bbox 14 3261 1215 3767">
     <span class='ocr_line' id='line_1_31' title="bbox 79 3261 1144 3352; baseline 0.001 -17"><span class='ocrx_word' id='word_1_210' title='bbox 79 3273 236 3338; x_wconf 72' lang='lat' dir='ltr'><strong>Adnot.</strong></span> <span class='ocrx_word' id='word_1_211' title='bbox 259 3273 296 3330; x_wconf 94' lang='lat' dir='ltr'><strong>In</strong></span> <span class='ocrx_word' id='word_1_212' title='bbox 318 3265 421 3327; x_wconf 87' lang='lat' dir='ltr'><strong>thallo</strong></span> <span class='ocrx_word' id='word_1_213' title='bbox 444 3261 537 3326; x_wconf 90' lang='lat' dir='ltr'><strong>unius</strong></span> <span class='ocrx_word' id='word_1_214' title='bbox 560 3262 749 3347; x_wconf 75' lang='lat' dir='ltr'><strong>speciminis</strong></span> <span class='ocrx_word' id='word_1_215' title='bbox 779 3261 951 3329; x_wconf 78' lang='lat' dir='ltr'><strong>fructifero</strong></span> <span class='ocrx_word' id='word_1_216' title='bbox 972 3271 1144 3352; x_wconf 77' lang='lat' dir='ltr'><strong>apothecis</strong></span> 
     </span>
     <span class='ocr_line' id='line_1_32' title="bbox 18 3347 1142 3434; baseline -0.001 -14"><span class='ocrx_word' id='word_1_217' title='bbox 18 3355 288 3421; x_wconf 84' lang='lat' dir='ltr'><strong>lsrrucariae</strong></span> <span class='ocrx_word' id='word_1_218' title='bbox 321 3351 372 3415; x_wconf 86' lang='lat' dir='ltr'><strong>vel</strong></span> <span class='ocrx_word' id='word_1_219' title='bbox 407 3347 655 3432; x_wconf 87' lang='lat' dir='ltr'><strong>Sphaeriae</strong></span> <span class='ocrx_word' id='word_1_220' title='bbox 685 3347 850 3431; x_wconf 83' lang='lat' dir='ltr'><strong>cujusdam</strong></span> <span class='ocrx_word' id='word_1_221' title='bbox 878 3350 1025 3434; x_wconf 86' lang='lat' dir='ltr'><strong>dispersa</strong></span> <span class='ocrx_word' id='word_1_222' title='bbox 1056 3371 1142 3434; x_wconf 85' lang='lat' dir='ltr'><strong>sunt,</strong></span> 
     </span>
     <span class='ocr_line' id='line_1_33' title="bbox 20 3432 1144 3524; baseline -0.007 -22"><span class='ocrx_word' id='word_1_223' title='bbox 20 3459 77 3524; x_wconf 76' lang='lat' dir='ltr'><strong>qne</strong></span> <span class='ocrx_word' id='word_1_224' title='bbox 101 3463 178 3504; x_wconf 88' lang='lat' dir='ltr'><strong>cum</strong></span> <span class='ocrx_word' id='word_1_225' title='bbox 201 3450 291 3500; x_wconf 81' lang='lat' dir='ltr'><strong>extra</strong></span> <span class='ocrx_word' id='word_1_226' title='bbox 312 3433 404 3497; x_wconf 84' lang='lat' dir='ltr'><strong>thalli</strong></span> <span class='ocrx_word' id='word_1_227' title='bbox 426 3433 605 3516; x_wconf 79' lang='lat' dir='ltr'><strong>marginem</strong></span> <span class='ocrx_word' id='word_1_228' title='bbox 628 3453 758 3516; x_wconf 88' lang='lat' dir='ltr'><strong>quoque</strong></span> <span class='ocrx_word' id='word_1_229' title='bbox 791 3432 826 3492; x_wconf 90' lang='lat' dir='ltr'><strong>in</strong></span> <span class='ocrx_word' id='word_1_230' title='bbox 847 3432 972 3511; x_wconf 84' lang='lat' dir='ltr'><strong>tballo‚&#39;</strong></span> <span class='ocrx_word' id='word_1_231' title='bbox 996 3452 1032 3500; x_wconf 88' lang='lat' dir='ltr'><strong>ut</strong></span> <span class='ocrx_word' id='word_1_232' title='bbox 1054 3443 1144 3504; x_wconf 76' lang='lat' dir='ltr'><strong>vids.</strong></span> 
     </span>
     <span class='ocr_line' id='line_1_34' title="bbox 14 3516 1145 3607; baseline -0.001 -23"><span class='ocrx_word' id='word_1_233' title='bbox 14 3537 65 3602; x_wconf 84' lang='lat' dir='ltr'><strong>tur,</strong></span> <span class='ocrx_word' id='word_1_234' title='bbox 98 3524 204 3588; x_wconf 88' lang='lat' dir='ltr'><strong>simili</strong></span> <span class='ocrx_word' id='word_1_235' title='bbox 239 3522 297 3585; x_wconf 88' lang='lat' dir='ltr'><strong>sed</strong></span> <span class='ocrx_word' id='word_1_236' title='bbox 325 3519 431 3602; x_wconf 80' lang='lat' dir='ltr'><strong>magis</strong></span> <span class='ocrx_word' id='word_1_237' title='bbox 460 3519 607 3579; x_wconf 85' lang='lat' dir='ltr'><strong>brunnen</strong></span> <span class='ocrx_word' id='word_1_238' title='bbox 637 3536 697 3577; x_wconf 90' lang='lat' dir='ltr'><strong>nec</strong></span> <span class='ocrx_word' id='word_1_239' title='bbox 725 3516 908 3580; x_wconf 82' lang='lat' dir='ltr'><strong>virescente</strong></span> <span class='ocrx_word' id='word_1_240' title='bbox 939 3525 1011 3607; x_wconf 72' lang='lat' dir='ltr'><strong>(qui</strong></span> <span class='ocrx_word' id='word_1_241' title='bbox 1033 3525 1145 3589; x_wconf 79' lang='lat' dir='ltr'><strong>forsan</strong></span> 
     </span>
     <span class='ocr_line' id='line_1_35' title="bbox 14 3599 1215 3690; baseline -0.008 -20"><span class='ocrx_word' id='word_1_242' title='bbox 14 3610 177 3690; x_wconf 83' lang='lat' dir='ltr'><strong>tpidermis</strong></span> <span class='ocrx_word' id='word_1_243' title='bbox 207 3605 299 3689; x_wconf 82' lang='lat' dir='ltr'><strong>ipsa)</strong></span> <span class='ocrx_word' id='word_1_244' title='bbox 335 3601 532 3676; x_wconf 83' lang='lat' dir='ltr'><strong>obveniunt,</strong></span> <span class='ocrx_word' id='word_1_245' title='bbox 562 3601 613 3663; x_wconf 85' lang='lat' dir='ltr'><strong>vel</strong></span> <span class='ocrx_word' id='word_1_246' title='bbox 641 3599 816 3684; x_wconf 78' lang='lat' dir='ltr'><strong>parasitica¹</strong></span> <span class='ocrx_word' id='word_1_247' title='bbox 845 3603 897 3664; x_wconf 86' lang='lat' dir='ltr'><strong>vel</strong></span> <span class='ocrx_word' id='word_1_248' title='bbox 925 3629 943 3668; x_wconf 85' lang='lat' dir='ltr'><strong>a</strong></span> <span class='ocrx_word' id='word_1_249' title='bbox 969 3608 1081 3690; x_wconf 72' lang='lat' dir='ltr'><strong>priore</strong></span> <span class='ocrx_word' id='word_1_250' title='bbox 1104 3611 1144 3672; x_wconf 79' lang='lat' dir='ltr'><strong>li.</strong></span> <span class='ocrx_word' id='word_1_251' title='bbox 1211 3609 1215 3618; x_wconf 90' lang='lat'>&#39;</span> 
     </span>
     <span class='ocr_line' id='line_1_36' title="bbox 14 3680 1145 3767; baseline 0.002 -13"><span class='ocrx_word' id='word_1_252' title='bbox 14 3691 99 3757; x_wconf 80' lang='lat' dir='ltr'><strong>lbene</strong></span> <span class='ocrx_word' id='word_1_253' title='bbox 123 3705 274 3756; x_wconf 88' lang='lat' dir='ltr'><strong>emortuo</strong></span> <span class='ocrx_word' id='word_1_254' title='bbox 296 3689 426 3750; x_wconf 85' lang='lat' dir='ltr'><strong>residua</strong></span> <span class='ocrx_word' id='word_1_255' title='bbox 446 3700 541 3763; x_wconf 83' lang='lat' dir='ltr'><strong>sunt3</strong></span> <span class='ocrx_word' id='word_1_256' title='bbox 563 3685 652 3767; x_wconf 86' lang='lat' dir='ltr'><strong>prius</strong></span> <span class='ocrx_word' id='word_1_257' title='bbox 674 3680 862 3748; x_wconf 82' lang='lat' dir='ltr'><strong>verosimile</strong></span> <span class='ocrx_word' id='word_1_258' title='bbox 884 3702 935 3751; x_wconf 88' lang='lat' dir='ltr'><strong>est</strong></span> <span class='ocrx_word' id='word_1_259' title='bbox 969 3691 1010 3752; x_wconf 91' lang='lat' dir='ltr'><strong>oh</strong></span> <span class='ocrx_word' id='word_1_260' title='bbox 1033 3694 1145 3756; x_wconf 88' lang='lat' dir='ltr'><strong>nucle-</strong></span> 
     </span>
    </p>
   </div>
   <div class='ocr_carea' id='block_1_12' title="bbox 14 3768 1254 3856">
    <p class='ocr_par' dir='ltr' id='par_1_12' title="bbox 14 3768 1254 3856">
     <span class='ocr_line' id='line_1_37' title="bbox 14 3768 1254 3856; baseline -0.003 -16"><span class='ocrx_word' id='word_1_261' title='bbox 14 3797 47 3848; x_wconf 80' lang='lat' dir='ltr'><strong>tn</strong></span> <span class='ocrx_word' id='word_1_262' title='bbox 64 3775 385 3845; x_wconf 84' lang='lat' dir='ltr'><strong>albido·farinosum‚</strong></span> <span class='ocrx_word' id='word_1_263' title='bbox 401 3771 505 3856; x_wconf 84' lang='lat' dir='ltr'><strong>qualis</strong></span> <span class='ocrx_word' id='word_1_264' title='bbox 521 3770 636 3832; x_wconf 83' lang='lat' dir='ltr'><strong>abortu</strong></span> <span class='ocrx_word' id='word_1_265' title='bbox 649 3789 721 3832; x_wconf 88' lang='lat' dir='ltr'><strong>esse</strong></span> <span class='ocrx_word' id='word_1_266' title='bbox 735 3768 837 3848; x_wconf 81' lang='lat' dir='ltr'><strong>solet3</strong></span> <span class='ocrx_word' id='word_1_267' title='bbox 860 3774 1076 3854; x_wconf 81' lang='lat' dir='ltr'><strong>peritbecium</strong></span> <span class='ocrx_word' id='word_1_268' title='bbox 1087 3798 1143 3842; x_wconf 88' lang='lat' dir='ltr'><strong>eo·</strong></span> <span class='ocrx_word' id='word_1_269' title='bbox 1245 3815 1254 3824; x_wconf 86' lang='lat'>-</span> 
     </span>
    </p>
   </div>
   <div class='ocr_carea' id='block_1_13' title="bbox 14 3845 1142 3952">
    <p class='ocr_par' dir='ltr' id='par_1_13' title="bbox 14 3845 1142 3952">
     <span class='ocr_line' id='line_1_38' title="bbox 14 3845 1142 3952; baseline -0.002 -26"><span class='ocrx_word' id='word_1_270' title='bbox 14 3865 135 3952; x_wconf 67' lang='lat' dir='ltr'><strong>lundam</strong></span> <span class='ocrx_word' id='word_1_271' title='bbox 147 3864 314 3944; x_wconf 80' lang='lat' dir='ltr'><strong>integrum</strong></span> <span class='ocrx_word' id='word_1_272' title='bbox 333 3857 464 3942; x_wconf 86' lang='lat' dir='ltr'><strong>quidem</strong></span> <span class='ocrx_word' id='word_1_273' title='bbox 480 3855 537 3918; x_wconf 84' lang='lat' dir='ltr'><strong>sed</strong></span> <span class='ocrx_word' id='word_1_274' title='bbox 553 3845 849 3938; x_wconf 85' lang='lat' dir='ltr'><strong>bemispbaericum</strong></span> <span class='ocrx_word' id='word_1_275' title='bbox 870 3878 930 3921; x_wconf 87' lang='lat' dir='ltr'><strong>nec</strong></span> <span class='ocrx_word' id='word_1_276' title='bbox 944 3861 1142 3925; x_wconf 74' lang='lat' dir='ltr'><strong>immersum·</strong></span> 
     </span>
    </p>
   </div>
   <div class='ocr_carea' id='block_1_14' title="bbox 93 4023 1029 4128">
    <p class='ocr_par' dir='ltr' id='par_1_14' title="bbox 93 4023 1029 4128">
     <span class='ocr_line' id='line_1_39' title="bbox 93 4023 1029 4128; baseline -0.001 -10"><span class='ocrx_word' id='word_1_277' title='bbox 93 4023 102 4043; x_wconf 34' lang='lat' dir='ltr'><em>s</em></span> <span class='ocrx_word' id='word_1_278' title='bbox 167 4058 570 4128; x_wconf 62' lang='lat' dir='ltr'><strong>,cramornnua</strong></span> <span class='ocrx_word' id='word_1_279' title='bbox 621 4055 961 4118; x_wconf 59' lang='lat' dir='ltr'><strong>sermonumt*</strong></span> <span class='ocrx_word' id='word_1_280' title='bbox 1024 4069 1029 4076; x_wconf 88' lang='lat'>·</span> 
     </span>
    </p>
   </div>
   <div class='ocr_carea' id='block_1_15' title="bbox 14 4168 1219 4414">
    <p class='ocr_par' dir='ltr' id='par_1_15' title="bbox 14 4168 1219 4414">
     <span class='ocr_line' id='line_1_40' title="bbox 77 4168 1147 4256; baseline -0.002 -16"><span class='ocrx_word' id='word_1_281' title='bbox 77 4178 145 4240; x_wconf 86' lang='lat' dir='ltr'><strong>Th.</strong></span> <span class='ocrx_word' id='word_1_282' title='bbox 172 4189 281 4238; x_wconf 88' lang='lat' dir='ltr'><strong>crusta</strong></span> <span class='ocrx_word' id='word_1_283' title='bbox 301 4171 459 4256; x_wconf 80' lang='lat' dir='ltr'><strong>laevigata</strong></span> <span class='ocrx_word' id='word_1_284' title='bbox 490 4168 618 4231; x_wconf 83' lang='lat' dir='ltr'><strong>demum</strong></span> <span class='ocrx_word' id='word_1_285' title='bbox 645 4169 828 4252; x_wconf 84' lang='lat' dir='ltr'><strong>granulata‚</strong></span> <span class='ocrx_word' id='word_1_286' title='bbox 860 4169 1147 4238; x_wconf 72' lang='lat' dir='ltr'><strong>albiso-cineris-</strong></span> 
     </span>
     <span class='ocr_line' id='line_1_41' title="bbox 14 4253 1219 4412; baseline 0.003 -92"><span class='ocrx_word' id='word_1_287' title='bbox 14 4276 111 4361; x_wconf 77' lang='lat' dir='ltr'><strong>=snte3</strong></span> <span class='ocrx_word' id='word_1_288' title='bbox 137 4261 293 4412; x_wconf 61' lang='lat' dir='ltr'><strong>lexoipulo,</strong></span> <span class='ocrx_word' id='word_1_289' title='bbox 321 4253 774 4360; x_wconf 51' lang='lat' dir='ltr'><strong>hemisphaericojconoideo</strong></span> <span class='ocrx_word' id='word_1_290' title='bbox 796 4253 965 4354; x_wconf 77' lang='lat' dir='ltr'><strong>laevigato,</strong></span> <span class='ocrx_word' id='word_1_291' title='bbox 995 4275 1146 4344; x_wconf 75' lang='lat' dir='ltr'><strong>apertura</strong></span> <span class='ocrx_word' id='word_1_292' title='bbox 1215 4355 1219 4362; x_wconf 18' lang='lat'>⁸</span> 
     </span>
     <span class='ocr_line' id='line_1_42' title="bbox 14 4360 1019 4414; baseline -0.01 -5"><span class='ocrx_word' id='word_1_293' title='bbox 14 4360 136 4414; x_wconf 82' lang='lat' dir='ltr'><strong>snoscu</strong></span> <span class='ocrx_word' id='word_1_294' title='bbox 153 4369 184 4412; x_wconf 85' lang='lat' dir='ltr'><strong>a.</strong></span> <span class='ocrx_word' id='word_1_295' title='bbox 1016 4389 1019 4399; x_wconf 95' lang='grc'><em>,</em></span> 
     </span>
    </p>
   </div>
   <div class='ocr_carea' id='block_1_16' title="bbox 0 0 1332 4902">
    <p class='ocr_par' dir='ltr' id='par_1_16' title="bbox 0 0 1332 4902">
     <span class='ocr_line' id='line_1_43' title="bbox 0 0 1332 4902; baseline 0 2"><span class='ocrx_word' id='word_1_296' title='bbox 0 0 1332 4902; x_wconf 95' lang='lat' dir='ltr'><strong> </strong></span> 
     </span>
    </p>
   </div>
  </div>
 </body>
</html>
