2656 4902
279 185 285 194 .
341 216 551 280 ·L1cutuas.
585 215 746 283 (ianuas.
802 157 804 164 Ι
934 217 944 234 ”
1024 170 1031 186 ⁸
1069 224 1132 292 tot
1232 179 1235 196 Ι

28 411 146 462 stromate
158 387 327 474 habendis,
351 395 441 462 disco
468 398 569 482 magis
598 417 693 484 quam
720 397 756 458 in
783 396 949 480 prioribus
978 420 1129 464 concavo·

29 480 513 565 llataeluciformi-ellipticae,
550 504 614 545 uuo
649 481 744 564 apice
778 483 994 544 communiter
1021 487 1131 567 cuspi-

28 565 93 639 lato,
117 567 212 628 altero
237 565 426 642 rotundato,
459 559 581 652 s'epties
615 568 801 646 annulatae,
843 581 998 650 septenae
1039 583 1130 632 octo·

27 672 101 712 naevo
121 651 331 714 cohaerentes.

61 751 63 760 ¹
87 763 193 827 Crescit
201 767 245 828 ad
251 765 404 828 arborum
412 734 976 852 sempervtrenttum‘corticemprope
984 765 1128 832 Bobium

27 849 51 910 in
67 844 188 928 confinio
215 850 428 913 Verrucorine
448 849 673 926 ochrolencaa
696 849 872 934 Graphidis
902 872 1039 918 uenosne
1055 877 1127 918 var.

28 933 163 1018 elongatae
182 945 213 996 et
234 933 510 1020 Leiogrammatis
531 933 643 1010 laboti,
665 934 794 1006 deintin
823 935 944 998 cortice
974 941 1129 1000 arborum
1182 950 1188 974 ¹

21 1013 260 1104 frondosarum?)
295 1018 473 1104 Graphida's
488 1019 601 1081 niueae
615 1029 646 1081 et
673 1018 884 1081 Verrueariae
900 1019 1058 1103 aspisteae
1079 1023 1130 1106 (in

30 1103 122 1166 (iuiaea
146 1105 188 1166 ad
207 1103 358 1168 corticem
381 1102 514 1168 Codani
534 1101 689 1165 Solnndtu'
715 1101 809 1168 Vult.
831 1101 946 1188 Acin).

156 1283 159 1290 ⁴
271 1305 298 1367 lt·
325 1313 525 1363 corruas
561 1312 827 1370 ,navunosn

89 1451 130 1515 Gl.
149 1462 253 1516 crusta
266 1429 372 1514 albida
389 1445 466 1522 d'ein
482 1429 774 1533 subpulvarulents,
805 1460 962 1512 stromate
997 1449 1128 1516 minore

32 1533 204 1615 planiasoulo,
226 1533 408 1618 apotheciis
421 1533 851 1606 latioribusremotiusculis
879 1533 1129 1598 rotundo-sub-

35 1620 151 1702 angulosis
167 1619 269 1722 nigris
292 1619 402 1700 (siccis
422 1609 608 1700 excavatis).

87 1734 195 1798 Aaltar.
224 1734 260 1797 in
287 1731 389 1798 Lina.
413 1744 570 1798 transeut.
603 1732 627 1798 l.
649 1754 677 1796 c.
694 1725 804 1818 pila.
825 1732 892 1798 tnb.
913 1733 945 1797 3.
955 1728 1023 1816 fig.
1048 1760 1131 1808 1.-·,

121 1817 195 1904 Syn.
213 1843 248 1904 p.
276 1842 346 1902 ¹⁰7·
440 1898 442 1914 .
1121 1850 1126 1856 ·
1169 1837 1171 1846 “

89 1934 150 2015 Fe'e,
171 1935 269 2000 Estai
290 1935 353 2002 &c
375 1958 407 2022 p.
430 1935 481 2002 61.
500 1929 503 1938 ’

87 2057 203 2119 Thallus
218 2069 418 2130 crustaceus,
440 2053 476 2115 in
496 2051 616 2114 nostris
635 2048 764 2125 tenuia,
788 2049 1071 2134 nignolimitatus,
1096 2053 1131 2116 in

32 2159 73 2201 ano
87 2143 249 2224 specimine
274 2135 329 2216 (iau
353 2161 392 2202 ex
412 2136 616 2222 epidermide
632 2141 784 2208 connata)
808 2136 984 2217 laevigatus
1009 2137 1132 2201 albidu-

31 2224 185 2301 lascescens,
206 2228 241 2288 in
257 2226 362 2287 altero
381 2219 777 2302 albida-pulverulentus.
821 2221 948 2284 St‘roma
974 2223 1133 2303 magnitu-

31 2313 82 2373 line
94 2312 329 2394 praecedentis,
352 2309 455 2372 minus
472 2323 662 2377 convexum,
685 2305 863 2366 substantia
877 2305 1040 2366 albissima
1060 2305 1133 2389 pul-

30 2395 158 2458 verulenta
177 2395 321 2460 evanida.
363 2390 544 2476 Apothecla
560 2389 603 2454 ob
621 2388 829 2452 substantiam
844 2391 1004 2450 stromatis
1029 2391 1133 2452 albam
1187 2389 1189 2396 ’

30 2480 385 2564 quodsiscircumdantem
402 2478 505 2538 minus
518 2474 627 2547 densa,
650 2494 828 2556 corumque
843 2471 945 2556 figura
962 2474 1000 2536 ad
1012 2477 1140 2555 sectio-2

30 2586 80 2626 nom
98 2567 169 2629 lenti
189 2564 390 2648 compositae
412 2560 586 2642 subjectam
603 2557 718 2620 adultis
742 2558 792 2620 Gl
802 2557 976 2638 yphidis
998 2579 1130 2639 angu-

31 2649 118 2714 lotae
138 2657 245 2740 (quam
272 2647 351 2724 cfr.)
378 2667 444 2709 non
473 2641 650 2720 absimilis,
681 2641 790 2704 discas
816 2642 922 2702 siccus
948 2657 1131 2708 excavatus.

31 2733 124 2799 llecae
141 2737 269 2799 caedem
292 2753 372 2818 quae
394 2728 621 2814 praecedentis
647 2725 782 2805 speciei,
812 2723 1131 2808 susifurmi·ellipti-

31 2835 75 2894 tac,
100 2821 214 2904 pluries
235 2819 414 2890 annulatae,
438 2809 798 2904 septenae-octonaev‘e
817 2808 1042 2872 cohaerentes.

87 2935 195 2998 Crescit
216 2935 261 2996 nd
289 2933 443 2995 arborum
473 2927 625 2990 corticem
660 2946 764 3008 prope
806 2921 948 2986 Bobium
989 2918 1130 3004 confinis

30 3013 154 3102 Graphidi
176 3019 347 3084 Commati.
372 3017 419 3089 (in
441 3013 542 3078 variis
561 3010 749 3095 regionibns
766 3010 899 3093 tropicis
928 3010 973 3070 acl
993 3010 1131 3072 corticea

29 3098 195 3167 Carrarillae
229 3114 261 3166 et
289 3105 506 3182 Angusturne
533 3095 680 3180 spuriae,
710 3093 743 3154 in
773 3094 966 3178 epidermida
996 3093 1131 3156 Achrae

28 3187 144 3271 lanatae,
165 3184 382 3272 Mangiserae
406 3183 532 3246 indicae
548 3193 581 3244 et
600 3176 745 3243 Homalii
777 3177 925 3256 cuneati,
957 3175 1146 3262 Bonplan-¹

29 3267 77 3333 itae
99 3271 280 3359 trifoliatae·
294 3283 324 3334 et
356 3269 541 3333 Cinelznnne
570 3263 826 3340 Condantineae,
853 3261 928 3326 dein
957 3263 1002 3325 ad
1022 3281 1150 3326 ramos·
1235 3305 1241 3316 .
1304 3256 1311 3331 Γ

31 3349 214 3424 laasternatis
239 3355 393 3422 oaribnei.
423 3351 512 3436 Fe'e).
573 3384 575 3388 ·

320 3559 347 3614 5·
373 3561 567 3616 etunius
616 3557 805 3606 annunt.

17 3757 18 3768 .
90 3705 136 3768 Gl.
157 3751 177 3784 „
188 3721 296 3770 crusta
325 3703 396 3766 alba
417 3699 519 3764 effusa
540 3653 775 3781 pulverulenta,
801 3688 1007 3754 stromatibus
1017 3690 1135 3757 diffor·
1224 3731 1230 3744 ·
1302 3685 1311 3710 '¹

26 3783 108 3932 nibus
131 3789 378 3866 confluentibus,
411 3783 591 3871 apotheciis
622 3775 830 3844 subrotundis
855 3769 1136 3842 brunneis'laten-

26 3877 45 3929 t
63 3878 135 3936 us.“
878 3887 885 3902 ¹
965 3869 969 3881 '

91 3987 219 4078 Meyer,
242 3992 275 4054 in
298 3983 408 4074 Sarga
430 3984 520 4072 Syst.
551 3989 656 4068 Veget,
680 4002 749 4046 cur.
769 3945 858 4066 post.¹
875 4001 914 4062 p.
936 3975 1010 4058 327,
1056 3951 1058 3958 ’

130 4107 247 4177 Crescit
267 4107 311 4176 od
332 4103 466 4172 cortices
484 4098 662 4170 Brutilioe.
817 4113 820 4118 ·
912 4109 916 4120 ·
966 4109 970 4116 -
