2760 4922
196 395 238 458 32
530 386 654 446 Accae.
699 383 993 446 Senannococcus.

355 591 360 600 ·
385 595 389 600 ·
431 564 533 619 XXIV·
560 561 882 618 SPHAEROCOCCUS
906 579 1028 616 sracn.
1049 579 1109 616 ae.¹

209 683 376 734 ‘escensu
397 673 576 728 'secernens
598 684 819 760 nsnaruncm
839 685 891 726 ac.
920 685 968 738 ‚nr
991 685 1112 726 aeonas
1135 683 1314 728 insanusne
1337 672 1343 682 '

657 769 878 810 annuncians.

296 879 556 982 Sporangia
587 879 831 974 subglobosa,
871 879 1083 973 congeriem
1107 879 1337 976 gongylo·

195 1010 294 1064 ,rum
331 998 394 1051 aut
428 1001 672 1076 sporarnm
701 1003 800 1048 nunc
835 1001 1047 1084 span-samm
1083 1003 1182 1049 nunc
1221 977 1339 1046 seria-

197 1101 317 1156 tarum
342 1076 570 1151 includentis
578 1125 589 1160 ,
615 1101 683 1176 per
707 1075 902 1147 thallum
927 1073 1145 1146 frondosum
1165 1099 1309 1174 sparsa.

295 1183 441 1252 Frons
467 1199 757 1276 purpurascens,
798 1173 1107 1270 subcurtilaginea
1132 1191 1194 1246 aut
1219 1199 1339 1244 mem-

117 1329 120 1336 ·
166 1302 170 1316 '
200 1281 402 1363 branacca,
450 1271 646 1374 explanata
676 1290 739 1343 aut
774 1271 975 1358 fililormis,
1025 1271 1239 1362 dichotoma
1272 1291 1342 1344 aut

201 1381 365 1480 pinnata.

285 1497 459 1560 Obsert.
513 1487 658 1553 Partium
679 1488 942 1554 fructificationis
963 1490 1090 1552 indoles
1113 1490 1218 1552 veria:
1261 1505 1342 1552 sunt

198 1583 283 1648 enim
315 1579 388 1641 aliis
418 1597 533 1660 spornc
559 1576 593 1636 in
615 1575 797 1658 aporangiis
821 1575 963 1635 inclusae
993 1575 1180 1656 simplices,
1222 1571 1341 1638 firmae

199 1681 252 1731 aut
272 1665 452 1748 gelatinoso
464 1697 476 1710 ·
489 1661 613 1736 molles,
637 1661 759 1724 liberae
777 1673 828 1719 aut
847 1671 1096 1737 concatenatae3
1119 1660 1191 1720 aliis
1203 1660 1340 1742 gongyli

198 1751 348 1824 obscuri,
383 1768 465 1829 qnos
484 1766 543 1827 pro
562 1743 690 1804 filorum
709 1745 951 1805 articnlntornm
971 1743 1095 1805 nucleis
1113 1744 1238 1820 habe03
1268 1743 1340 1806 fre·

197 1849 339 1922 quentor
359 1831 445 1893 enim
463 1828 539 1888 talia
560 1828 752 1909 corpuscula
772 1828 876 1889 formu
897 1824 1104 1909 sabelliptica
1124 1843 1185 1910 ,aut
1206 1829 1339 1912 irregu-

196 1922 258 1983 lari
278 1933 311 1981 et
330 1912 502 1998 superficie
523 1912 783 1994 subtuberculata
802 1912 960 1994 insignia,
996 1933 1091 1974 rauco
1116 1913 1260 1977 involuta
1284 1913 1339 1974 vel

197 2006 298 2074 nuda,
322 2025 360 2064 cx
380 1999 523 2060 articulis
546 1997 613 2059 eidi
633 1997 828 2079 prodeuntia
846 1995 975 2057 filorum
994 1997 1177 2080 sporangiis
1199 2010 1339 2059 conten·

199 2105 329 2164 torum3
361 2087 395 2146 in
414 2083 486 2144 aliis
506 2082 571 2163 ipsi
588 2082 736 2154 articuli,
758 2089 961 2164 'tegumento
982 2100 1055 2142 cnm
1075 2081 1193 2143 nucleo
1215 2101 1335 2164 conge.

199 2176 360 2246 lascente,
385 2181 581 2230 eructentur.
625 2165 697 2227 Fila
717 2165 752 2226 in
771 2165 953 2248 sporangiis
971 2185 1057 2226 nunc
1073 2165 1221 2226 radiatim
1251 2186 1342 2228 nunc

199 2259 320 2341 absque
339 2253 457 2318 ordine*
478 2252 629 2312 immersa
647 2263 731 2311 aunt.
785 2251 1040 2332 Sporangiornm
1062 2249 1263 2313 dehiscentia
1281 2263 1340 2311 aut

197 2335 567 2426 regularisterminalis‚
585 2332 674 2419 ¹poro
695 2335 826 2409 hiante,
852 2346 905 2394 ont
925 2335 1116 2418 irregularis
1136 2334 1253 2399 lacera.

505 2483 529 2568 1'.
554 2513 842 2580 concessurus,
868 2515 1026 2580 ruinis.

400 2657 424 2708 L
467 2655 854 2704 SPHAEROCOGCUS
888 2658 1127 2704 VITTATU&

236 2794 240 2803 -
283 2751 316 2812 S.
339 2746 455 2808 fronde
487 2746 582 2828 plana
610 2744 755 2824 stipitata
781 2743 1106 2807 lineari-lanceolata
1135 2755 1227 2805 acuta
1255 2744 1344 2808 inte·

198 2853 255 2917 gra
273 2831 430 2914 proliiera
449 2842 572 2892 eostatn
592 2828 802 2909 cartilaginea
821 2844 1076 2911 purpuramento
1098 2827 1224 2903 ciliane,
1249 2830 1344 2893 citii·

199 2919 290 3000 apice
309 2917 341 2976 in
362 2913 534 2998 sporangia
553 2910 854 2974 intumescentibus.

284 3019 354 3104 Ag.
372 3015 462 3103 Spec.
481 3015 603 3081 1:233.
633 3012 723 3100 Syst.
740 3035 815 3081 nica
898 3111 900 3116 Ι

287 3130 395 3205 Eunus
417 3127 578 3208 vittatus,
599 3117 703 3188 Turn.
719 3119 803 3186 Hist.
823 3133 846 3186 t.
862 3123 913 3200 64.

288 3237 397 3296 Fucut
421 3227 673 3320 citiarumfisp.
693 3239 716 3290 t.
735 3242 765 3305 4.
777 3225 814 3314 s.
837 3253 863 3291 ι.
880 3251 909 3292 a.
925 3240 957 3304 4.
1013 3284 1016 3291 .

282 3337 474 3414 Frondea
492 3358 510 3400 e
531 3335 625 3400 basi
650 3335 769 3398 callosa
793 3337 969 3399 orbiculari
987 3337 1116 3422 plures,
1153 3337 1291 3420 pedales
1312 3351 1370 3402 et¹

198 3423 381 3507 longiores,
403 3421 769 3496 lineari-lanceolatee,
792 3435 919 3495 ecutae,
952 3441 1090 3505 unguem
1107 3422 1209 3498 latae,
1249 3439 1349 3486 costa

198 3529 325 3570 aureum
354 3521 566 3570 evanescente
594 3524 787 3588 percussae,
823 3525 1043 3588 purpureae„
1063 3506 1347 3588 semidinplaanae,

199 3613 239 3652 ex
257 3594 370 3674 spice,
405 3591 511 3654 rarius
528 3611 546 3651 e
566 3604 656 3653 coste
679 3591 783 3666 media
803 3591 1199 3673 articulato-proliicrne,
1239 3593 1350 3654 ramis

166 3673 534 3739 ·.liueari·lsnceolstia
551 3675 704 3758 utrinqne
723 3676 913 3750 attenuatis,
938 3675 1026 3736 omni
1046 3677 1191 3774 margine
1211 3675 1350 3738 obsitae

198 3761 284 3822 ciliis
308 3757 526 3822 teretiusculis
551 3758 856 3842 lineari-ellipticis
883 3771 932 3820 sat
953 3759 1162 3839 nemesius,
1196 3759 1229 3821 in
1249 3781 1352 3844 spo·

197 3845 339 3928 rengis
363 3843 497 3926 globosa
519 3843 569 3905 vel
593 3843 739 3925 elliptica
761 3842 1028 3915 tumescentibus.

277 3946 319 4012 In
337 3959 438 4032 portu
455 3945 631 4028 Rodiensi,
653 3945 703 4009 nd
719 3945 860 4010 insulam
882 3946 1051 4034 l'tupnricn
1073 3961 1103 4012 et
1126 3945 1209 4011 alibi
1229 3947 1264 4010 in
1292 3947 1352 4012 lit·

199 4045 270 4098 tore
292 4030 459 4126 Brasiline
480 4031 753 4113 septentrionalis.

377 4175 404 4226 Ἀ
452 4177 838 4226 ὓΡΗΔΕΚΟῦΟὓῦΰθ
873 4170 1146 4224 uuxunlane

282 4265 317 4326 S.
336 4263 567 4348 fronde'plann
586 4265 734 4346 stipitata
761 4283 886 4327 ramosa
915 4263 1081 4326 luxuriose
1105 4261 1266 4348 prolilera
1292 4283 1352 4326 ro·

199 4365 255 4411 eea
272 4349 533 4424 membranacea,
548 4391 551 4398 ·
564 4349 693 4412 laminis
711 4348 1029 4434 lineari-oblongis,
1070 4347 1262 4411 lanceolntis
1291 4367 1351 4408 cn-

198 4431 529 4523 noetianorum,
577 4433 688 4499 nereis
715 4455 733 4498 e
753 4433 923 4518 stipitibus
946 4433 1116 4516 productis
1137 4451 1251 4498 versus
1275 4431 1351 4516 api·

199 4533 272 4584 een
297 4519 572 4582 evanescentibus.
