2656 4902
462 181 477 210 Ι

182 311 246 380 1³2
439 319 446 334 ‘
499 307 681 371 Lucerum.
703 306 983 376 tesserarum.

180 489 330 565 effusum,
346 485 442 570 paulo
452 505 641 568 convexum,
654 489 783 573 saepius
795 492 849 554 vix
861 513 958 575 supra
968 491 1103 554 thallum
1113 492 1314 577 prominens,

177 577 267 644 varie
288 575 479 652 formatum,
500 574 602 658 magis
620 573 764 637 minusve
785 577 991 660 elongatum,
1013 575 1192 640 flexuosum
1212 579 1317 660 saepi-

176 683 215 725 us
230 653 382 743 utrinque
399 658 549 731 lineolam
563 659 685 740 nigram
708 659 778 734 (vix
791 682 851 744 pro
869 663 1013 744 margine
1028 657 1115 724 inter
1128 663 1227 744 plura
1245 683 1316 744 spe·

175 746 294 820 cimina
312 743 505 821 hahendam)
530 741 784 826 sequens-(icon.
804 733 858 805 cit.
863 738 934 828 fig.
961 747 993 808 V.
1019 769 1044 805 ι.
1060 749 1115 820 m),
1139 746 1271 808 coloris
1290 763 1317 810 et

174 829 373 896 substantiae
395 828 525 889 omnino
545 826 688 908 ejusdem
709 827 798 907 cujus
820 843 956 890 stratum
969 829 1146 892 medullore
1159 830 1214 906 (id
1227 831 1316 914 quod

175 914 368 981 sententiam
384 928 526 975 nostram
540 911 579 974 de
604 910 731 994 origine
755 914 917 974 stromatis
940 915 1105 995 praeclare
1135 914 1315 994 illustrat),

176 1011 291 1070 'verum
309 1013 415 1060 tumen
435 1011 552 1058 struma
573 1007 769 1057 cumstrato
784 998 953 1058 me'dullari
978 1019 1041 1059 non
1078 997 1216 1060 omnino
1245 1020 1314 1062 cou-

176 1088 320 1157 tinuum,
343 1083 401 1146 sed
416 1081 503 1142 inter
514 1095 648 1162 utraque
669 1080 824 1142 sectionis
842 1094 945 1166 ‚atque
965 1081 1062 1144 lentis
1083 1102 1146 1164 ope
1175 1096 1306 1144 stratum

178 1171 371 1236 observatur
393 1165 497 1226 viride
512 1185 585 1226 cum
603 1176 705 1225 strato
721 1165 869 1248 corticali
892 1167 1079 1228 continuum
1098 1166 1199 1252 eique
1212 1181 1308 1230 struc-

167 1269 252 1318 tura
275 1267 312 1323 et,
326 1250 500 1313 substantia
524 1249 741 1323 conveniens,
774 1249 875 1332 triplo
897 1271 974 1313 vero
991 1251 1119 1314 tenuius
1135 1255 1308 1322 stromatis

182 1334 274 1418 basin
290 1331 615 1418 undiquesecipienls
640 1330 748 1410 (icon.
769 1331 824 1392 cit.
842 1329 911 1422 fig.
949 1339 981 1402 V.
1013 1343 1043 1410 4.
1070 1335 1123 1413 d.)
1151 1337 1312 1422 simulque

146 1479 149 1484 .
178 1424 307 1506 saepius
325 1419 449 1502 singula
465 1417 633 1498 apothecis
650 1417 851 1480 circumdans
872 1417 969 1496 (icon.
989 1417 1044 1480 eit.
1050 1416 1121 1502 fig.
1146 1423 1177 1480 V.
1199 1419 1232 1482 3.
1263 1423 1311 1496 4.).

175 1493 358 1592 Apothecia
381 1502 527 1565 stromati
545 1500 707 1584 profunde
727 1502 877 1562 immersa
904 1503 954 1566 vel
977 1502 1182 1584 pyriformia.
1202 1506 1258 1567 vel
1286 1506 1312 1564 in

175 1592 327 1658 ostiolum
344 1588 492 1650 conicum
508 1585 659 1648 abeuntia
672 1584 723 1648 vel
742 1586 876 1668 globosa
892 1575 1012 1650 ostiolo
1037 1587 1237 1666 cylindrico,
1272 1610 1315 1650 ra·

176 1677 246 1742 rius
263 1671 426 1746 solitaria,
449 1671 599 1733 nonnulla
618 1682 653 1729 ut
671 1667 801 1733 videtur
819 1683 959 1744 aemma,
980 1671 1117 1752 plurima
1140 1673 1236 1736 vario
1261 1695 1313 1736 nu·

179 1780 273 1825 mero
287 1769 459 1842 aggregata
481 1755 531 1818 vel
553 1751 679 1814 ostiolis
704 1752 756 1814 vel
779 1753 968 1836 peritheciis
989 1755 1069 1836 ipsis
1096 1753 1130 1816 in
1171 1759 1316 1820 canalem

178 1865 339 1909 ramosum
358 1837 594 1901 confluentibus
618 1835 712 1914 (icon.
730 1836 783 1898 cit.
795 1832 865 1920 fig.
905 1843 936 1902 V·
968 1841 1017 1918 4).
1056 1839 1184 1902 Ostiola
1213 1843 1316 1925 magis

131 1934 134 1942 '
177 1931 326 1994 minusve
343 1926 507 2005 elongata,
530 1920 635 1982 rarius
649 1935 775 1996 erecta,
800 1923 990 2006 plerumque
1019 1923 1150 2008 obliqua
1179 1923 1237 1988 rel
1268 1929 1317 1987 in-

178 2034 302 2094 curva,
316 2007 444 2090 saepius
464 2007 497 2066 in
514 2027 549 2069 os
566 2023 734 2066 commune
749 2005 902 2068 vcl'infra
921 2006 1125 2088 superficiem
1153 2031 1257 2070 unum
1285 2011 1315 2070 iu

178 2099 313 2162 alterum
333 2091 534 2165 desinentia,
563 2108 621 2151 ore
643 2088 859 2151 minutissimo
888 2093 923 2150 in
948 2089 1120 2174 superficie
1150 2096 1315 2156 stromatic

177 2177 428 2250 vixadoculum
449 2173 566 2235 nudum
585 2173 772 2253 conspicuo.
815 2175 955 2251 Therae,
986 2196 1065 2258 quas
1079 2177 1184 2239 rarius
1203 2179 1318 2241 ridere

179 2264 337 2347 contigit,
360 2259 604 2330 minutissimae,
627 2258 832 2338 cylindricae,
855 2259 1073 2334 bianuulatae‚
1105 2276 1219 2324 exacte
1244 2284 1316 2324 mo·

178 2350 362 2414 uiliformes
373 2343 463 2430 quasi
475 2364 493 2404 e
507 2341 726 2425 sporistrihus
737 2343 955 2428 ¹concatenatis
967 2339 1200 2430 (icon.eit.jig.
1216 2345 1255 2415 V.
1266 2349 1318 2428 5.)

267 2459 387 2530 Crescit
402 2461 446 2524 ud
462 2457 617 2524 urborum
631 2457 781 2522 corticem
794 2478 898 2544 prope
913 2454 1014 2524 Puni.

275 2669 746 2759 otgasrnornnnrnn
771 2681 1104 2737 sstnunnrruu.
1140 2670 1160 2744 t

155 2879 162 2898 s
268 2842 306 2906 Δ.
325 2853 431 2902 crusta
441 2834 609 2901 subceratu
624 2835 793 2900 isabellina
806 2838 1060 2914 fusco-limitata,
1078 2851 1236 2902 stromate
1254 2837 1322 2902 dil*-

178 2923 279 2992 sormi
295 2924 500 2985 tuberc'nloso
520 2923 707 2986 dehiscente
725 2923 810 2994 intus
824 2925 980 2986 coccineo
1001 2937 1094 2986 extus
1108 2923 1220 2987 albido
1239 2925 1321 2986 sub·

179 3009 426 3094 pulverulento,
459 3007 641 3088 apotheciis
674 3007 906 3088 pyrisormihus
939 3007 1146 3092 aggregatis,
1184 3009 1322 3072 ostiolis

180 3095 304 3160 conicis
322 3092 355 3151 iu
377 3111 413 3154 os
433 3105 601 3153 commune
623 3089 875 3153 minutissimum
894 3091 1132 3158 desinentibus.
1163 3142 1169 3160 ι

267 3211 356 3270 Iron.
374 3203 430 3269 sel.
454 3215 605 3290 cryptog.
628 3207 695 3268 tab.
722 3227 770 3274 ιο.
781 3200 850 3300 fig.
877 3230 905 3270 ι.

106 3395 109 3404 ,
263 3324 394 3386 Thallus
417 3336 602 3403 crustsceus
629 3321 785 3384 latissime
819 3337 970 3386 extensus
998 3322 1077 3384 fere
1102 3321 1322 3398 dodrantalis,

178 3425 340 3474 crassuse
360 3409 482 3471 cortice
502 3406 633 3490 quidem
651 3407 704 3468 vel
719 3407 794 3469 hinc
812 3408 922 3470 indeo
949 3407 1157 3471 stromatibus
1178 3409 1325 3490 juniori·

104 3548 107 3554 .
178 3495 239 3558 hus
253 3514 313 3575 per
330 3493 459 3554 thallum
477 3493 618 3552 nondum
631 3493 790 3574 protrusis
807 3493 928 3573 leniter
942 3491 1184 3566 tuberculosus,
1200 3513 1325 3576 super·

157 3589 160 3596 '
179 3577 256 3640 licie
275 3597 352 3642 vero
370 3577 506 3637 maxime
523 3577 679 3659 laevigata
696 3576 872 3638 neenitida
890 3576 999 3657 potius
1015 3576 1207 3639 tenuissime
1221 3579 1324 3660 prui-

177 3683 279 3736 nosa,
304 3661 422 3722 coloris
442 3661 674 3742 elegantissimi
701 3661 950 3723 exochroleuco
976 3661 1217 3734 rubescentis,“
1234 3683 1324 3724 mar«

84 3811 87 3819 ,
179 3747 256 3832 gine
273 3746 336 3807 late
353 3745 500 3806 umbrato
514 3744 847 3809 fusco-cinerescente
866 3745 1009 3820 cinctus3
1032 3764 1050 3804 e
1069 3757 1170 3807 strato
1190 3743 1324 3828 duplici

94 3859 97 3866 ⁴
177 3830 348 3894 manifeste
383 3829 597 3910 compositus,
627 3827 787 3890 inferiore
810 3823 899 3890 tenui
925 3827 1052 3903 albida,
1083 3829 1262 3910 superiore
1285 3829 1324 3895 ad

181 3917 362 3980 sectionem
387 3925 517 3974 tenuem
536 3912 595 3975 sub
610 3914 697 3974 lente
713 3912 784 3973 sere
799 3911 927 3993 hyalino
944 3911 1135 3973 tenuissime
1146 3912 1323 3976 celluloso

90 4057 96 4071 ,
166 4001 365 4064 'humectato
382 3998 576 4074 virescente,
591 3998 678 4059 nullo
692 4017 769 4060 vero
796 4009 897 4059 strato
913 3994 1066 4059 distincto
1084 3995 1183 4060 viridi
1211 3997 1323 4058 intem

209 4085 295 4147 usito
317 4081 417 4162 (icon.
447 4081 499 4142 cit.
520 4077 592 4164 jig.
617 4105 645 4142 ι.
674 4079 705 4144 3.
733 4080 763 4145 b.
793 4121 835 4135 -
871 4080 931 4141 csr.
961 4101 1056 4161 supra
1078 4079 1148 4145 obs.
1168 4101 1200 4162 p.
1234 4083 1323 4144 55:

181 4105 311 4231 dtronta
333 4167 495 4251 singulare
517 4167 594 4230 satis
616 4187 781 4249 magnum,
805 4163 954 4228 diametri
976 4165 1069 4225 unius
1097 4165 1155 4245 ⁸rel
1177 4163 1323 4226 duarum

179 4249 358 4327 linearum,
371 4247 441 4334 'per
457 4263 592 4320 stratum
607 4249 757 4333 superius
772 4249 927 4316 corticale
944 4249 1146 4330 perforatum
1168 4249 1225 4310 vel
1252 4249 1322 4310 diss

181 4334 303 4399 obsum
316 4356 550 4424 prorumpens,
580 4334 1032 4418 subcuntes-tubercclosum
1061 4330 1199 4446 subinde
1225 4333 1322 4398 elon«
