2688 4898
383 317 565 378 Lasarusa.
604 315 765 378 Lucanas.
1073 325 1133 389 245

23 495 125 589 Quoad
149 489 333 554 affinitatum
351 513 422 557 sum
441 493 626 557 [recides
648 494 887 577 ferrugines
909 496 1073 577 apothecis
1097 499 1131 561 in

23 579 134 640 cortice
148 577 308 655 posterius
323 579 435 650 citato,
451 599 532 662 quae
549 577 648 639 tballc
664 579 803 639 insident
820 579 950 640 cinereo
966 581 1131 664 magisque

21 659 182 744 aequabili,
202 657 241 720 asi
253 660 393 742 plantam
413 663 618 724 domesticam
639 663 738 744 magis
756 664 1010 746 appropinquant
1029 663 1133 727 forms

21 746 152 806 exactius
174 745 329 821 rutunda,
360 747 392 806 in
412 743 590 826 junioribus
613 765 769 816 concava,
800 746 972 828 coloreque
993 747 1129 810 interio-

21 829 61 892 ris
94 827 308 899 substantiae,
349 849 430 912 quae
464 830 498 890 in
535 829 719 904 domesticis
758 826 942 908 superficiei
978 831 1133 894 concolor

4 927 50 992 ,at
68 912 268 972 cinerescant
291 926 357 984 est,
380 914 482 983 minus
503 912 601 974 laeto.
640 915 811 990 ,ilactarum
832 913 865 972 in
888 913 1008 974 nostris
1030 933 1131 996 aeque

21 1017 51 1058 ac
81 995 113 1055 iu
148 995 332 1057 Lecidea
367 995 616 1078 ferruginea
650 996 803 1059 corticula
832 1016 942 1076 margo
975 995 1131 1066 thallusles

21 1099 54 1140 na
79 1080 108 1138 in
138 1077 239 1157 priuis
257 1079 422 1155 juventute
445 1078 573 1162 quidem
599 1077 787 1147 observatur
797 1097 808 1160 3
838 1097 876 1156 ex
903 1080 1001 1139 icone
1024 1093 1129 1142 tamen

21 1163 104 1223 citata
129 1173 218 1241 patet
234 1160 319 1223 'disci
336 1161 510 1246 marginem
535 1161 740 1223 concolorem
760 1180 821 1247 pro
842 1175 965 1241 partes
988 1161 1131 1224 substan-

22 1245 59 1306 tia
74 1245 209 1305 thallodc
229 1247 440 1327 compositum
464 1263 535 1308 esse
557 1244 693 1325 perinde
712 1262 747 1304 au
767 1245 800 1303 in
819 1245 924 1326 planta
942 1246 1132 1329 domestica,

23 1329 99 1409 cujus
123 1328 218 1388 etiam
237 1328 345 1390 thecas
365 1329 601 1393 observavimus
621 1326 783 1407 simplices
804 1343 909 1390 ovatus
930 1333 1012 1390 ascia
1030 1331 1131 1391 inclu-

25 1433 80 1488 sas,
121 1413 231 1494 quales
262 1413 355 1478 icone
395 1412 651 1495 citata.plantae
679 1410 878 1482 brastttausis
908 1427 1130 1496 repraesenta-

23 1507 65 1557 tae
86 1507 167 1557 suut.
992 1509 1015 1518 “’

358 1673 493 1732 sueno
518 1677 553 1730 11.
595 1675 705 1730 era
715 1679 736 1731 N
748 1677 779 1729 E.

96 1807 217 1892 Pyxiaa
237 1807 351 1882 Fries,
374 1804 425 1868 Pl.
447 1806 573 1870 bomon.
593 1829 628 1889 p.
650 1806 720 1891 267.

94 1919 252 1986 cariacae
275 1935 307 1986 et
327 1925 533 2000 Leuanorae,
566 1920 653 1986 Acis.
678 1923 701 1988 l.
723 1945 751 1998 c.
775 1923 912 2008 specics.

94 2038 304 2113 circissarius,
329 2035 391 2101 Fe'e
411 2034 434 2104 l.
453 2061 480 2100 c.
502 2039 640 2120 species.

58 2253 89 2323 d·
105 2155 291 2228 Thallus
316 2156 505 2244 foliaceus,
533 2155 751 2229 imbricatim
770 2158 973 2246 laciniatim,
1002 2163 1126 2234 subtus

21 2277 55 2322 ra
81 2279 188 2326 rcans.

105 2382 414 2481 Apothecium
439 2383 558 2480 junius
579 2383 752 2482 cupulara
778 2386 940 2482 margine
967 2385 1127 2456 thallode

15 2498 200 2580 rumpente
234 2479 437 2566 obtectum,
483 2481 628 2556 demum
657 2471 930 2580 patellaeiorma
961 2483 1151 2564 liberum„

243 2727 272 2778 a·
309 2731 515 2778 arcanas
565 2731 836 2780 aoaanssra.
869 2727 887 2790 τ

89 2869 128 2928 L.
151 2863 246 2928 tballe
269 2865 661 2929 subcrustaceu-soliaceo
683 2867 791 2948 rigido
807 2865 953 2928 radiatim
975 2864 1126 2928 laciniam
1243 2893 1245 2903 ·

5 2950 133 3024 albida,
155 2950 265 3011 subtus
285 2951 591 3032 nigro-radiculoso
600 2951 623 3023 ,⁹
632 2947 758 3011 laciniis
782 2948 1016 3012 sublinearibus
1046 2949 1128 3011 inci·
1242 2967 1245 2976 ·

4 3034 48 3095 sis
73 3034 247 3096 crenulatis
268 3032 465 3108 imbricatis,
488 3034 667 3117 a‘potheciis
689 3035 795 3114 parvis
817 3035 998 3115 adpressit,
1021 3033 1126 3115 junic-

5 3118 92 3178 ribus
118 3116 266 3199 excipulo
297 3118 407 3200 spurio
437 3118 588 3194 inclusis,
620 3119 748 3183 demum
774 3118 939 3182 denudatis
968 3117 1128 3200 capulari·

5 3201 83 3278 bus,
107 3199 236 3264 tandem
258 3199 475 3281 planiusculia.

87 3313 216 3376 Acbua'.
238 3317 319 3398 Syn.
338 3337 372 3398 ρ.
393 3319 445 3392 54.

86 3431 271 3500 Circinaria
291 3433 523 3508 Berteroans,‘
539 3427 601 3494 Fa'e
623 3430 645 3494 l.
666 3453 694 3492 c.
719 3453 753 3513 ρ.
776 3433 845 3494 ss8.
866 3430 937 3512 tab,
950 3435 1002 3495 to.
1015 3427 1126 3511 figi.

84 3559 221 3621 Thallus
236 3559 498 3644 alurus,.rigidus,
520 3574 567 3622 sat
589 3581 735 3644 magnus,
759 3561 864 3624 siccus
884 3575 916 3626 et
933 3559 1127 3626 madefactus

6 3643 128 3706 albidus
159 3644 381 3715 cinerascens,
411 3643 521 3707 subtus
542 3645 636 3728 niger
666 3643 792 3714 fibrillis
817 3645 899 3712 raris
933 3665 1008 3706 saxo
1040 3658 1126 3706 arcte

10 3727 191 3798 dhaerens,
215 3739 372 3788 structura
394 3727 433 3788 ad
449 3749 592 3791 normam
613 3729 840 3802 luliaceorum,
861 3750 882 3798 ,e
906 3726 1032 3790 laciniis
1053 3727 1128 3788 den·

6 3811 141 3871 issimis
161 3811 233 3872 fere
252 3811 400 3892 implexis
421 3813 630 3894 compositus.
671 3811 823 3874 Laciniae
839 3826 1004 3896 angustae,
1025 3810 1128 3871 radia-

6 3897 58 3954 im
84 3915 259 3978 expresse,
282 3895 345 3957 sibi
359 3894 497 3958 invicem
512 3895 709 3968 imbricatae,
732 3896 917 3971 tumidulae,
938 3915 1048 3960 versus
1066 3915 1130 3953 am·
1197 3971 1199 3978 Ι

8 3979 103 4040 itum
127 3979 348 4060 subcrispatae
378 3993 410 4040 et
432 3981 761 4051 caerulum-incisae,
796 3980 934 4041 sorediis
956 3976 1131 4040 communi-

7 4079 51 4122 es·
79 4063 316 4148 marginalibus
345 4061 579 4126 confluentibus
611 4065 724 4143 (etiam
746 4064 781 4124 iu
808 4063 979 4127 fructifero
1009 4060 1129 4136 obviis)

7 4139 120 4216 assim
156 4146 408 4230 pulverulentus.
461 4148 640 4231 ⁴lputbeciu
679 4169 770 4220 rara,
810 4148 916 4230 petius
946 4142 1132 4226 marginalia
1161 4187 1166 4204 .

7 4251 95 4290 uam
129 4231 308 4304 centralis,
340 4225 477 4304 minuta,
507 4231 661 4314 singulari
690 4231 786 4294 modo
816 4249 834 4292 e
861 4228 959 4292 tbsllo
985 4239 1133 4310 prorum·
1215 4299 1218 4306 .

8 4314 129 4390 entia,
168 4315 374 4405 ejusdemque
397 4317 513 4386 lamina
534 4317 622 4379 tenui
646 4317 794 4390 obtecta,
828 4311 917 4394 cujus
939 4311 1067 4376 residua
1096 4311 1135 4416 ad
