2760 4922
191 400 235 468 28
444 409 569 468 Arosa-
615 407 844 466 sinicensis.
888 405 1079 464 Cnososrs.

289 588 439 658 Frons
463 588 709 678 ,firscesoens,
750 585 1011 682 cartilaginea,
1053 585 1235 658 filiformis
1270 586 1331 657 rel

193 681 317 780 plana,
344 683 514 770 linearis,
553 687 658 758 valde
683 709 836 757 ramosa
858 686 1066 782 pinnatare.

421 840 446 888 l·
487 841 785 888 SPOROGHUS
817 839 1101 888 ACULEATUS.

276 945 309 1006 S.
328 943 447 1004 fronde
467 945 537 1006 basi
557 946 682 1028 lignosa
707 945 801 1007 brevi
821 944 938 1016 tereti,
970 944 1078 1005 sntice
1098 943 1200 1004 divise
1222 941 1256 1002 in
1276 963 1333 1002 rs-

190 1045 262 1086 mos
274 1029 512 1112 ‘cartilagincos
533 1030 646 1111 planos
665 1030 805 1091 lineares
830 1049 967 1090 enerves
987 1029 1154 1110 repetito·
1168 1027 1331 1110 pinnatim

190 1131 339 1172 ramosos
360 1133 499 1196 sparsos,
521 1135 587 1176 non
606 1135 682 1176 raro
703 1112 800 1174 binos
819 1126 1017 1196 ternosque,
1050 1114 1221 1192 primarios
1244 1112 1335 1172 inte·

191 1191 372 1276 gemimus,
415 1197 547 1259 ultimos
567 1199 712 1280 margine
732 1198 871 1280 primurn
899 1197 1139 1280 penicillileros
1164 1216 1238 1258 mox
1261 1195 1334 1277 spi-

190 1278 343 1353 nulosos‚
375 1280 477 1360 spinis
495 1283 727 1364 approximatis
744 1280 901 1343 subulatis
921 1282 1056 1346 erectis.

281 1381 384 1446 Τιιηι.
416 1382 502 1449 Hirr.
535 1397 558 1449 t.
587 1390 656 1470 187.
690 1384 783 1452 flor.
823 1384 916 1449 Dan.
932 1398 955 1447 l.
976 1387 1050 1450 355.
1083 1351 1215 1450 Slacltlr.
1246 1382 1333 1448 Ner.

314 1466 403 1530 Brit.
431 1477 455 1534 I.
475 1474 507 1534 8.
539 1469 622 1557 Erp.
644 1481 670 1535 l.
693 1483 746 1555 bo.
768 1471 822 1536 53.

273 1579 406 1638 Frons
426 1577 508 1641 daos
528 1579 568 1641 ad
584 1595 653 1641 tres
673 1579 775 1661 pedes
794 1579 907 1662 longa,
931 1579 1043 1641 colore
1057 1575 1337 1650 llaec-oliraceo‚

191 1659 349 1721 exsiccato
370 1655 561 1745 nigrescens
575 1677 610 1725 et
628 1665 720 1745 apice
737 1665 941 1734 tumescens,
962 1663 1071 1742 junior
1088 1659 1248 1723 interdum
1266 1681 1336 1720 snr-

190 1744 255 1824 plis
273 1746 585 1826 progerminuntiupt
606 1747 735 1810 filorum
759 1747 1066 1809 conferroideorurn
1084 1745 1247 1828 penicillis
1274 1763 1336 1806 co-

189 1841 284 1888 mata.
336 1831 416 1909 Ejus
438 1831 594 1914 gongylos
611 1833 735 1893 nemini
754 1833 932 1894 adhucdum
951 1833 1063 1892 videre
1082 1829 1240 1913 contigit,
1263 1828 1336 1890 nisi

189 1911 266 1973 heic
289 1913 461 1975 reserenda
481 1917 672 1997 corpuscula
685 1918 820 1982 minima
839 1914 1031 1999 pyrilormia
1053 1916 1138 1976 intra
1159 1914 1249 1994 ipsos
1272 1931 1337 1996 pe-

189 1995 319 2057 nicillos
342 1998 515 2060 latitantia.

274 2100 315 2164 In
348 2103 435 2164 mori
455 2101 651 2166 Brasiliensi
682 2103 802 2167 lectum
823 2104 1072 2167 communicavit
1103 2102 1147 2166 cl.
1175 2096 1332 2166 literius.

192 2180 318 2249 Forsan
340 2188 543 2250 advectitius.

504 2327 507 2334 Ι
553 2390 657 2444 xxlll.
682 2387 875 2444 CHONDRIA
900 2405 949 2447 se·

290 2499 564 2674 Sporangia
588 2503 814 2601 gongylis
840 2501 1105 2602 pyrisormibus
1124 2498 1335 2598 pedicella·

187 2603 236 2674 tis
262 2627 327 2717 rep
344 2621 405 2673 eta
428 2620 467 2673 et
489 2620 702 2715 praeterea:
731 2627 901 2700 sporae
925 2600 983 2675 rel
1006 2597 1206 2696 gongyli
1230 2598 1329 2668 nudi

187 2719 323 2774 ternats
349 2702 513 2772 immersu
535 2698 818 2780 romis,thalli
843 2700 1024 2772 frondosi.

285 2803 435 2872 Frons
479 2798 656 2872 continua
693 2816 756 2869 aut
794 2798 1007 2882 articulata,
1058 2791 1331 2880 subfilisormis‚

187 2897 287 2969 varie
313 2921 482 2978 ramosa,
510 2895 814 2996 subgelatinoso·
827 2896 1077 2992 cartilaginea.

223 3091 227 3105 ,
268 3025 443 3088 Obserr.
486 3025 651 3086 Generum
671 3025 876 3088 characteres
894 3024 935 3086 de
952 3024 1077 3106 duplici
1096 3017 1334 3084 fructificatio·

172 3109 242 3172 nis·
259 3107 370 3171 indole
391 3107 555 3170 destructos
586 3108 649 3189 ipsi
677 3109 784 3170 sideri
814 3111 1013 3194 incongruos
1040 3109 1238 3191 minimeque
1268 3107 1333 3168 ad·

183 3194 345 3258 bibendos
365 3191 398 3253 in
419 3192 540 3253 litteris
559 3205 669 3255 monet
687 3192 764 3256 clar.
785 3197 992 3268 mertens,
1015 3193 1106 3272 cujus
1128 3193 1190 3254 riri
1210 3203 1333 3254 sucto-

182 3279 294 3351 ritsti‚
318 3279 404 3338 inter
418 3276 597 3360 Algologos
616 3297 772 3344 summae.
795 3297 853 3340 cur
872 3277 932 3352 bac
954 3278 988 3337 in
1007 3297 1044 3338 re
1064 3298 1129 3338 non
1152 3275 1333 3356 obtempe-

183 3383 309 3434 remus,
348 3363 507 3424 rationem
541 3360 659 3422 addere
691 3363 872 3424 consultum
901 3360 1081 3424 ridebatur.
1143 3364 1190 3420 Ea
1213 3373 1330 3420 sutem

183 3448 279 3510 amici
298 3446 559 3507 aestumatissimi
579 3460 629 3507 est
646 3447 828 3508 sententiat
862 3458 1048 3528 utramque,
1073 3467 1167 3528 quatu
1189 3444 1289 3524 dupl
1302 3444 1334 3504 i-

182 3551 269 3592 cem
300 3531 431 3603 dicunt,
474 3531 509 3590 in
533 3530 633 3592 certis
655 3529 808 3614 Algarum
832 3530 1003 3612 speciebus
1033 3527 1331 3590 fructificationem

183 3615 231 3675 nil
251 3615 388 3688 sistere,
429 3613 495 3676 nisi
513 3613 657 3696 ejusdcm
679 3615 793 3698 organi
814 3615 943 3676 diverse
966 3613 1072 3698 quood
1097 3613 1331 3674 avolationem

182 3700 303 3771 stadis,
326 3698 427 3780 itaut
447 3699 572 3761 minora
595 3700 741 3763 minusve
763 3698 912 3778 perfecte
934 3699 1104 3760 efformata
1124 3697 1328 3778 corpuscula

182 3804 245 3866 pro
264 3781 466 3866 reliquorum
487 3783 602 3844 baberi
625 3782 837 3869 primordiis,
868 3797 964 3866 atque
984 3781 1210 3852 differentiae,
1239 3803 1330 3863 ques

184 3879 354 3940 notamus,
377 3866 460 3928 haud
481 3866 546 3948 ipsi
564 3880 697 3929 naturae
720 3866 779 3928 sed
798 3867 1059 3928 observationum
1084 3867 1191 3948 potius
1210 3865 1331 3934 delec-

184 3953 233 4014 tui
254 3951 393 4014 debcant
413 3951 555 4014 attribui.
606 3954 757 4014 Attamen
778 3950 886 4010 multis
908 3953 1016 4036 iisque
1035 3951 1093 4012 sub
1114 3951 1238 4030 optimo
1261 3951 1330 4010 nsi-

184 4037 358 4116 croscopio
377 4035 501 4097 iteratis
520 4036 801 4098 observationibus
818 4035 1060 4118 nobisqaidem
1081 4045 1225 4106 constet,
1247 4054 1330 4095 cer·

120 4169 122 4184 .
184 4135 232 4182 tas
255 4141 421 4203 spor-arum
441 4134 474 4182 et
495 4121 705 4202 gongylorum
725 4121 844 4180 lormas
865 4121 909 4180 ita
927 4141 999 4180 esse
1022 4132 1241 4201 comparatas,
1288 4133 1330 4179 ut

183 4206 218 4266 in
240 4205 438 4268 seinvicem
462 4205 578 4265 mutari
601 4207 653 4266 rix
675 4224 712 4265 ae
740 4225 780 4266 ne
802 4204 858 4264 -rix
880 4203 1013 4287 quidem
1039 4204 1183 4285 possint,
1202 4201 1326 4265 dunno

184 4309 238 4350 eas
259 4301 294 4349 ct
313 4289 377 4350 situ
399 4301 432 4350 et
449 4309 545 4370 supra
566 4286 698 4350 thallum
720 4287 952 4350 distributione
973 4287 1148 4370 originitus
1169 4283 1327 4352 differre.

181 4372 341 4454 Exemplo
363 4373 426 4432 sint
443 4372 576 4455 granula
596 4371 789 4455 subgloboss
811 4384 937 4434 ternata
953 4371 1200 4442 Chondriarurn,
1225 4389 1327 4454 quse,

182 4456 217 4516 in
236 4454 400 4518 nonnullis
423 4457 597 4538 speciebus
612 4456 732 4518 diutius
752 4449 919 4539 indagati,
943 4455 1104 4538 simplicia
1125 4469 1223 4538 atque
1245 4475 1262 4514 s
1287 4475 1326 4516 ss

182 4539 326 4610 inuicem
351 4537 490 4604 discreta
518 4540 610 4604 thalli
635 4540 835 4604 substantiae
865 4541 910 4606 its
936 4540 1130 4606 ridebantur
1156 4540 1325 4616 immersa,
