2688 4898
202 265 267 334 224
292 261 295 274 ¹
568 258 752 322 Lucanum.
786 258 968 320 Panuunrn.

215 449 231 480 ⁷
277 441 431 503 adnot.
482 433 616 522 Species
640 455 716 520 ,per
748 457 860 502 omnes
887 447 992 502 terrac
1024 454 1131 524 pantes
1163 440 1322 525 dispersa,

201 531 354 608 Europae
382 525 508 588 horedli
530 525 637 597 deest,
661 545 724 606 quo
747 524 848 606 magis
870 525 1005 586 abhinc
1027 525 1197 588 meridiem
1218 544 1253 598 et
1277 550 1323 590 ot·

202 613 361 675 uidentem
385 629 495 671 versus
517 609 734 680 observatur,
762 629 800 669 eo
824 609 926 691 magis
953 622 1061 683 teres,
1092 623 1128 670 ut
1151 614 1323 692 specimina

201 695 316 780 gallica
337 706 370 754 et
391 693 555 774 hispanica
575 693 645 753 fere
668 691 858 752 intermedia
880 693 945 754 sint
973 694 1060 753 inter
1081 693 1223 775 plantam
1243 717 1323 758 ame-

116 775 118 778 ⁵
199 781 341 842 ricanam
360 792 393 838 ct
413 791 598 838 nostratem.
641 780 730 836 Haec
746 776 910 858 posterior
927 776 1077 859 indigena
1098 781 1323 843 Parmeliae

198 861 464 948 parietinae,
488 881 568 944 quae
592 861 678 930 inter
703 860 842 940 tropicos
866 860 974 930 deest,
1005 861 1113 922 affinis
1134 862 1266 925 videtur
1288 887 1320 928 eo

196 947 269 1009 fere
292 945 387 1006 modo
411 966 475 1028 quo
497 949 676 1006 Borrera
704 944 863 1004 tenella
891 944 1035 1026 jungitur
1062 964 1133 1006 cum
1157 950 1191 1006 P.
1220 951 1322 1010 stel-

196 1031 297 1106 lari,
332 1041 364 1089 et
385 1033 424 1092 B.
447 1028 619 1091 ciliaris
641 1048 713 1088 cum
738 1029 776 1089 P.
800 1027 1037 1102 ulothrice‚
1071 1030 1240 1111 quaeuisi
1263 1031 1322 1093 affi-

195 1115 278 1180 nitas
299 1112 394 1174 fallax
416 1125 475 1185 est,
499 1133 538 1174 eo
555 1111 665 1174 forsan
684 1111 781 1184 ducit,
804 1114 840 1171 P.
863 1112 1114 1191 parietinam
1136 1131 1211 1174 cum
1231 1117 1319 1178 variis

195 1196 363 1260 Acharii
393 1197 573 1276 synonymis
588 1194 825 1278 'subjungendis
848 1215 919 1256 essa
939 1193 1066 1256 forman
1088 1199 1321 1261 austro-borea-

194 1281 280 1355 lem,
313 1283 350 1340 P.
371 1281 748 1361 chrysophtalmam
770 1292 914 1341 nostram
937 1279 1080 1362 ejusdem
1101 1280 1243 1344 lichenis
1265 1285 1321 1346 for·

195 1385 279 1427 mam
301 1363 746 1426 occidenti-meridionalem.
1092 1409 1096 1420 ,

278 1450 315 1508 P.
344 1447 733 1528 chrysophthalma,
770 1440 970 1508 llavieana
994 1445 1033 1525 †;
1071 1447 1170 1510 thallo
1205 1451 1321 1534 caespi-

195 1547 268 1597 toso
303 1546 413 1593 erecto
448 1545 480 1592 et
508 1529 629 1592 diffuso
659 1528 1085 1612 tereti-compressiuaculo
1122 1531 1318 1597 dichotome-

194 1637 323 1680 ramoso
345 1614 489 1677 flexuoso
513 1615 875 1696 croceo-pallescente,
904 1614 979 1676 hinc
1000 1615 1083 1677 inde·
1098 1615 1232 1694 eiliato,
1256 1639 1318 1680 scu-

192 1703 279 1765 tellis
302 1700 439 1780 sparsis,
462 1699 550 1764 diaco
574 1701 700 1762 demum
722 1699 818 1781 plano
841 1698 1045 1776 aurantiaco,
1066 1701 1215 1784 margine
1241 1704 1318 1766 nudo

193 1786 355 1849 ciliatove.
729 1811 732 1818 ·

275 1887 399 1954 Lichan
416 1885 577 1962 flavienus,
596 1884 733 1966 Swurtz,
755 1879 810 1953 Fl.
826 1883 897 1949 Iud.
914 1885 1013 1949 occid.
1032 1883 1098 1957 IH.
1118 1910 1153 1970 p.
1177 1893 1270 1974 ¹908·
1282 1923 1317 1940 ..

322 1972 408 2034 Act.
428 1969 549 2036 Prodr.
567 1994 601 2054 p.
628 1973 703 2033 182..
717 2001 759 2018 -·-
788 1969 889 2055 Engl.
913 1974 977 2034 bot.
999 1971 1065 2036 tab.
1089 1973 1183 2036 nand.

277 2074 414 2153 Physcia
434 2070 604 2148 flaricans,
627 2067 682 2132 De
706 2069 807 2136 Cund.
830 2068 881 2134 Pl.
890 2067 945 2153 sr.
974 2069 1030 2134 VI.
1060 2094 1094 2154 p.
1121 2073 1194 2154 adq.

275 2179 416 2236 Borrera
447 2170 597 2235 flavienus
628 2168 715 2235 Aula.
746 2166 945 2253 Lieheuogr.
977 2171 1065 2232 unio.
1102 2193 1137 2254 p.
1166 2175 1244 2251 5⁰4·
1281 2203 1317 2220 -

317 2255 431 2333 Ejusd.
455 2253 535 2338 Syn.
553 2278 587 2338 p.
611 2257 681 2318 225.
704 2285 745 2312 -.-
776 2253 923 2334 Swnrta,
945 2251 1043 2318 Liclz.
1066 2256 1181 2320 Amet.
1208 2281 1245 2342 p.
1272 2261 1315 2322 a5.

275 2333 603 2514 Paiiirieliidlldininiii,
636 2393 770 2500 samad.
793 2436 826 2498 in
849 2411 1024 2521 Gutt'get.
1045 2437 1134 2505 Ant.
1159 2441 1255 2506 1821,
1277 2438 1316 2502 II.

315 2539 442 2609 p.‘711.

116 2639 148 2654 ''
211 2663 215 2672 ·
274 2634 405 2702 Thallus
428 2639 580 2701 fructifer
600 2652 728 2709 erectus
751 2649 931 2699 attenuatus
958 2637 1171 2720 caespitulum
1194 2640 1247 2720 (in
1264 2661 1319 2702 no·

90 2747 99 2765 Χ
136 2735 139 2742 “
191 2726 281 2806 stria)
315 2715 552 2787 semiuncialem
592 2724 785 2795 efformare,
827 2722 948 2783 sterilis
986 2713 1148 2784 luxurians
1184 2721 1320 2787 diffusus

191 2812 320 2892 saepius
335 2809 497 2892 palmaris,
520 2822 657 2892 uterque
674 2807 802 2890 gracilis
821 2807 1047 2870 teretiusculua
1066 2809 1154 2870 varie
1179 2821 1212 2869 et
1235 2809 1319 2870 inae·

155 2963 158 2967 ,
190 2896 330 2978 qualiter
352 2913 572 2975 compressus,
601 2894 676 2954 hine
700 2875 777 2954 inde‘
799 2888 999 2964 lacunosuss
1018 2884 1070 2952 vix'
1092 2913 1234 2975 unquam
1256 2891 1317 2954 nisi

188 2980 241 3043 vel
262 2979 296 3039 in
318 2979 420 3059 prima
449 2976 611 3056 juventute
635 2978 685 3039 vel
714 2976 747 3035 in
768 2974 889 3036 ultimis
917 2975 1047 3038 ramulis
1069 2976 1190 3038 exacte'
1212 2990 1315 3050 teres,

189 3059 374 3123 dichotome
404 3082 566 3135 ramosus,
597 3061 636 3121 ad
658 3058 885 3120 dichotomiam
915 3071 947 3120 at
969 3059 1009 3119 ad
1028 3059 1238 3121 scutellarum
1265 3062 1316 3121 ba·

190 3147 241 3210 sin
263 3143 546 3226 saepius-iuflexus
571 3136 660 3228 quasi
674 3137 901 3226 geniculatus,
925 3143 1000 3203 hinc
1024 3143 1054 3202 si
1075 3137 1242 3226 integrum
1265 3143 1316 3202 ad·

119 3267 122 3275 ν
192 3230 308 3311 apicis,
341 3229 434 3308 varie
451 3227 622 3290 flexuosus.
666 3228 758 3288 Rami
781 3227 906 3310 priores
928 3231 1120 3309 plerumque
1148 3226 1310 3292 divaricari

189 3314 282 3394 apice
304 3312 553 3387 adscendentes,
584 3305 783 3395 posteriores
813 3315 958 3392 patentes
983 3325 1015 3372 et
1041 3309 1182 3388 furenti,
1216 3307 1314 3372 ultimi

190 3399 318 3479 saepius
337 3397 700 3482 tenuissimiaggrcgati
722 3395 947 3458 ciliaeforrnes.
992 3393 1191 3476 Superficies
1210 3395 1317 3461 laetis,

180 3497 249 3544 ‚nec
271 3482 334 3542 nisi
355 3481 431 3543 hinc
453 3483 528 3558 inde
551 3503 569 3544 e
589 3499 750 3571 raptorum
772 3480 875 3539 initiis
898 3479 1107 3556 denticulata,
1138 3481 1176 3540 in
1197 3480 1321 3542 sterili·

121 3581 136 3595 ‘
187 3567 248 3628 hus
270 3565 405 3627 subinde
427 3567 572 3650 disrupta
594 3566 789 3641 soredifera3
821 3564 911 3625 color
934 3564 1041 3643 potius
1063 3582 1203 3625 croceus
1227 3585 1322 3647 quam

187 3650 315 3734 gilvus,
345 3650 508 3730 juniorum
529 3671 589 3711 nec
611 3646 802 3712 adultiorum
823 3647 864 3708 ad
885 3648 978 3709 basin
1005 3647 1054 3712 vel
1084 3647 1122 3707 ad
1143 3648 1237 3708 thalli
1261 3649 1321 3708 de·

186 3735 366 3797 cumbentis
388 3734 503 3795 faciem
525 3735 669 3815 supinam
692 3733 813 3794 albidus
836 3743 868 3791 et
892 3733 1107 3812 glauceseens.
1153 3731 1322 3796 Scutallac

186 3815 221 3882 'sn
249 3819 370 3881 uostris
398 3839 532 3900 parvae,
560 3819 797 3890 horizontales‚
833 3833 944 3877 versus
968 3816 1165 3876 ramulorum
1192 3817 1342 3898 apicem¹

185 3903 239 3966 vel
261 3905 300 3966 ad
321 3901 491 3964 divisionis
513 3905 620 3963 locum
640 3903 770 3974 obviae,
802 3920 942 3962 summae
963 3899 1067 3962 rarius
1094 3899 1229 3962 omnino
1250 3915 1326 3960 ter·

184 3989 337 4065 minales,
376 3986 564 4070 plerumque
598 4008 615 4048 e
647 3984 736 4047 thalli
768 3984 861 4064 apice
892 3982 1013 4046 reflexo
1048 3983 1325 4064 appendiculatse

184 4067 408 4154 (doryphorap
441 4067 632 4148 Wullr.)‚
657 4069 765 4129 subtus
783 4081 942 4152 connexae
964 4083 1023 4128 uec
1045 4068 1323 4152 plano-peltatas!

185 4168 219 4214 ut
243 4157 276 4216 in
298 4156 461 4218 Usuels.
503 4154 619 4215 Discus
642 4152 845 4234 dein‘planus
863 4155 1084 4228 aurantiacus'3
1106 4168 1217 4235 margo
1232 4149 1323 4210 thal·

185 4233 276 4300 lodes
298 4239 422 4320 tenuis3
455 4240 486 4300 in
509 4239 630 4300 nostris
652 4249 835 4300 constanter
857 4249 904 4298 sat
924 4237 1021 4322 longe
1044 4235 1192 4316 ciliatus,
1224 4234 1323 4296 ciliis

186 4317 277 4420 apice
299 4321 529 4407 nigricantibus
552 4323 675 4386 demum
697 4322 853 4386 deciduis.
