2688 4898
361 283 542 356 broussss.
574 295 765 359 runnu.
917 370 927 412 l

298 487 335 543 A.
374 500 553 548 nonnata
602 499 822 549 asuerus.

80 639 118 715 P,
150 632 432 712 coralloides,
461 635 592 700 laevis
616 637 658 713 ἰς
686 638 785 702 thallo
807 638 990 723 caespitoso
1013 654 1122 703 erecto

12 722 178 806 gracilentis
208 731 370 781 attenuato
400 719 584 785 laevissima
614 721 831 797 ocbroleuco,
867 745 965 804 parca
994 745 1123 787 ramoso

11 810 183 876 lurcatove,
222 801 366 866 scutellis
397 803 681 868 subterminslibus
719 809 987 891 appendiculstis,
1032 807 1123 871 disco

12 910 137 962 carneo,
160 886 304 970 margine
325 886 528 952 nudiusculo.

81 999 201 1058 Forma
222 992 393 1069 normalis,
416 994 500 1075 apud
521 1015 581 1056 nos
602 994 770 1058 rarissima.
813 994 946 1060 Thallus
966 998 1123 1079 caespitu-

13 1101 70 1150 sns,
91 1075 352 1150 bi·triuuoislis,
375 1077 509 1160 pulchre
530 1078 754 1156 ochroleuous,
777 1081 816 1142 ad
837 1079 929 1142 basin
950 1083 1124 1166 nigricans,

11 1164 114 1227 exinde
138 1183 265 1223 sursum
285 1183 396 1243 parum
421 1162 631 1236 incrassatus,
667 1185 683 1225 a
707 1165 813 1227 medio
835 1164 874 1226 ssl
903 1167 1026 1249 apicem
1047 1187 1134 1228 scn·=

14 1250 66 1310 siu
84 1259 283 1319 attenuatus,
315 1245 365 1306 vel
389 1247 520 1308 strictus
544 1246 662 1308 densus
676 1250 782 1309 ‚ramis
803 1251 978 1311 contractis
999 1271 1125 1312 sursum

16 1329 247 1392 conniventibus
270 1328 484 1409 simplicibus,
507 1329 557 1393 vel
580 1331 676 1392 etiam
699 1346 847 1394 curvatus
868 1332 1005 1395 diffusus
1027 1334 1126 1396 ramis

14 1415 184 1478 divaricatis
213 1413 356 1474 recurvis
386 1415 477 1495 apice
499 1413 686 1487 tumulosis,
719 1415 753 1476 in
780 1417 887 1498 planta
916 1418 1022 1479 sterili
1046 1418 1123 1479 ‹len-

13 1499 139 1560 sionibus
162 1495 365 1580 longioribus
387 1499 425 1558 ad
447 1512 570 1580 partem
597 1519 777 1582 supremam
800 1499 1000 1562 sorediseris.
1044 1503 1125 1562 Scu-

12 1585 95 1645 tellae
119 1581 205 1642 infra
227 1580 351 1661 apicem
373 1581 462 1644 thalli
490 1597 693 1644 recurvatum
723 1583 906 1645 terminales
929 1583 1125 1666 appendicu·
1193 1637 1200 1656 ,

12 1666 81 1731 latae
109 1677 286 1748 apparent,
320 1684 441 1748 eaeque
470 1667 609 1748 peltatas
633 1667 655 1728 i.
687 1687 716 1728 e.
744 1666 857 1748 planae
884 1667 1121 1742 horizontales,

11 1751 157 1812 diametro
178 1749 352 1824 trilincari,
377 1751 467 1811 disco
486 1769 604 1811 carneo
627 1750 718 1824 (hinc
737 1750 812 1811 inde
835 1751 957 1829 eroso),
980 1750 1125 1834 margins

10 1835 55 1898 tal
73 1834 209 1915 omnino
227 1833 314 1895 nudo
338 1834 389 1900 vel
411 1833 451 1896 ad
471 1855 577 1898 ramos
598 1832 734 1898 diffusos
753 1835 904 1898 incurvos
932 1833 1018 1897 ciliis
1040 1836 1126 1896 binis

11 1921 146 1982 ternisve
172 1918 308 1980 radiata).

13 2111 45 2178 Β
84 2030 212 2199 §pascit
250 2029 284 2094 in
314 2027 460 2114 Brasilia
499 2029 706 2094 meridionali
736 2027 881 2112 (Sellouo.
912 2029 1012 2096 Harb.
1043 2029 1126 2117 Bag.

39 2139 144 2183 ero..

81 2239 120 2297 P.
147 2230 413 2304 coralloides,
435 2229 714 2312 jamnicensis3
729 2233 829 2296 thallo
843 2232 1024 2316 caespitoso
1039 2251 1130 2294 crec-

9 2315 142 2381 tlusculo
175 2317 326 2380 scabrida
353 2316 538 2378 dichotomo
565 2315 705 2397 pallido,
738 2318 834 2380 ramis
866 2317 1129 2393 subdivaricatis,
1194 2384 1217 2398 χ,

6 2405 150 2466 scutellis
191 2400 472 2464 subterminalibus
514 2400 625 2462 subtus
670 2401 813 2465 laeribus
853 2401 1129 2486 appendiculatis,

4 2485 86 2552 slisco
110 2485 369 2561 subconoulora,
400 2482 545 2565 margine
567 2485 664 2547 nudo.

79 2605 193 2666 Usnaa
219 2599 439 2684 jamaiccpsis,
472 2597 559 2665 Act.
587 2595 786 2684 Liclrenogr.
815 2597 903 2662 univ.
930 2619 965 2681 p.
989 2599 1061 2680 usq.
1088 2632 1131 2646 -

121 2683 242 2765 Ejusd.
264 2681 346 2768 Syn.
363 2705 399 2767 p.
421 2683 496 2747 303.
957 2709 961 2720 ·

73 2800 269 2865 Fruticulus
300 2799 511 2882 bipollicaris.
556 2797 687 2864 Thallus
719 2786 950 2861 crassiusculus
982 2795 1138 2858 dichoto-'

4 2907 81 2985 uus,
116 2887 219 2986 famis
241 2885 429 2962 attenuatis,
459 2884 626 2970 prioribus
647 2882 855 2966 patentibus,
877 2879 999 2945 ultimis
1022 2877 1130 2942 subdi·

6 2983 166 3032 arsoatss.
785 3005 788 3013 ,
959 2999 970 3012 ,.

72 3082 206 3183 Crescit
226 3083 261 3146 in
282 3079 428 3147 Brasilt'a
446 3079 657 3166 (steinalum).

70 3221 117 3280 U.
148 3214 419 3287 coralloides,
457 3219 602 3296 aspera
628 3213 664 3294 †;
698 3212 798 3276 thallo
827 3212 1011 3294 caespitoso
1041 3229 1131 3273 erec·

2 3299 135 3364 'asculo
178 3301 550 3383 aspero-,tuberculoso
587 3299 750 3361 ramulosa
790 3297 909 3378 passim
948 3295 1133 3368 fibrilloso,
1219 3343 1222 3362 ,

0 3385 195 3447 chroleuco
218 3397 251 3446 et
274 3377 517 3458 cinerescente',
538 3383 681 3444 scutellis
705 3380 986 3444 subterminalibus
1011 3400 1136 3462 appon-
1178 3401 1180 3412 ¹

0 3467 168 3544 iculatis,
191 3467 281 3531 disco
309 3487 427 3531 carneo
450 3469 651 3542 albescente,
674 3467 818 3549 margine
840 3464 987 3526 radiatim
1009 3465 1134 3528 ciliato.

65 3584 213 3648 Thallus
236 3583 270 3644 in
286 3584 407 3646 nostris
426 3585 617 3666 caespitulos
635 3581 809 3650 efformatus
828 3579 1020 3654 biunciales,
1042 3599 1131 3642 cras·
1209 3656 1211 3662 Ι

9 3671 169 3742 asculus,
193 3667 318 3730 adultus
339 3667 416 3729 hinc
438 3669 513 3730 inula
535 3667 731 3730 articulatim
751 3668 867 3744 (strato
889 3664 1038 3728 conticuli
1060 3663 1136 3747 qui·

6 3777 55 3814 ‘m
93 3755 235 3834 integro
257 3771 318 3814 nec
348 3753 512 3836 disrupto)
543 3751 760 3826 constrictus,
801 3749 929 3830 saepius
958 3746 1134 3820 flexuosus,

10 3840 92 3901 lutc
122 3851 157 3899 et
179 3835 281 3914 nitide
304 3835 535 3911 ochroleucus,
566 3837 644 3897 alias
667 3832 839 3897 obscurior
858 3833 1134 3898 uiridi-cineram

0 3945 80 3998 ηε,
127 3919 231 4004 magis
261 3921 428 3996 minusve,
470 3921 596 4003 saepius
627 3919 702 3981 inde
731 3917 840 3981 abasi
871 3922 969 4002 (quae
999 3913 1132 3975 minime

6 4007 152 4092 gricat)
180 4004 379 4079 ramulosus,
411 4005 637 4088 prominentiis
659 4003 768 4066 densis
792 4002 917 4066 obsitus
940 4001 980 4062 ad
1001 3999 1133 4060 oculum
1259 4009 1267 4020 “

0 4095 120 4154 dum
151 4089 238 4150 benc
259 4091 445 4170 conspicuis
465 4089 516 4153 vel
539 4088 805 4170 hemisphaericis
836 4087 887 4151 vel
908 4103 1019 4167 parum
1043 4081 1137 4144 elau-

10 4179 63 4238 tis
104 4171 436 4256 globoso-capitatis
467 4187 652 4236 constanter
682 4171 907 4243 ochroleucis,
945 4167 1022 4228 binc
1059 4186 1139 4227 mox

8 4262 86 4322 llo
114 4257 351 4354 concoloribus
370 4279 444 4358 mos
463 4259 580 4357 euclem
599 4257 731 4319 dilutius
751 4253 916 4324 coloratis,
934 4251 1018 4348 ‘alias
1040 4251 1140 4316 etiam
