2688 4898
186 262 271 358 218¹
548 253 731 354 btlranuas.
768 293 955 354 Prsarum.

111 500 114 508 ¹
182 487 254 534 mae
267 496 333 540 non
346 472 465 534 desunt
475 471 674 546 vacillantes,
692 484 728 534 ut
742 472 985 534 Parmeliam
1005 473 1230 539 olivaceam
1246 499 1309 539 uror

181 560 283 625 tballo
304 558 518 621 decumbente
539 557 715 628 radicante,
738 556 811 619 moi
833 570 944 619 erecto
963 559 1116 643 utrinque
1142 561 1308 623 concolora

184 643 400 726 (Cetraria
425 640 668 724 saepincola
697 641 825 719 Apu),
849 641 994 704 scutellis
1017 643 1092 704 hinc
1115 646 1247 707 omnino
1266 646 1309 706 ad·

183 733 267 796 natis
282 729 477 816 gaudentem
493 728 556 788 buc
575 725 627 790 vel
643 725 683 787 ad
701 725 879 788 sectionem
897 727 1041 812 quintam
1056 727 1183 795 referre
1202 731 1311 814 possis.

328 919 374 974 re.
412 925 648 973 rannessa
697 921 1113 972 anuo-rurenses.
1144 910 1165 976 t

265 1067 301 1129 P.
335 1060 437 1124 thalla
460 1057 946 1141 cartilaginea-membranaceo
965 1073 1080 1121 tenero
1102 1059 1308 1123 adscendente
1328 1049 1332 1060 ⁸

181 1152 334 1234 utrinque
351 1145 464 1230 glabro
485 1165 581 1225 supra
598 1142 711 1226 glauco
727 1143 924 1205 reticulatim
940 1165 1058 1226 rugoso
1077 1143 1184 1206 albido
1195 1165 1307 1227 ·puuc·

184 1251 273 1312 tato,
296 1234 406 1296 subtus
431 1228 514 1302 albo,
538 1225 665 1304 laciniis
688 1227 913 1289 erectiusculis
935 1225 1100 1288 multitidis
1122 1228 1219 1310 apice
1241 1229 1308 1290 dila-

180 1321 275 1395 tatis,
298 1315 443 1398 margine
465 1313 609 1394 repando
632 1311 893 1392 integriusculis‚
917 1309 1027 1372 subtus
1045 1313 1307 1387 convexiusculis,

183 1403 327 1470 scutellis
348 1397 578 1479 marginalibus
603 1394 745 1479 obliquis
767 1394 1002 1456 semi-adratis
1024 1395 1307 1477 cupulaeiormibus

180 1490 309 1554 demum
323 1482 446 1564 ,amplis
464 1480 572 1543 medio
590 1479 777 1564 perforatis,
801 1479 892 1543 disco
908 1478 1005 1541 badio
1023 1479 1214 1556 livescente,
1236 1502 1305 1541 mar·

164 1573 257 1658 ,gine
285 1567 486 1633 tenuissimo.

265 1654 403 1738 Species
424 1649 505 1712 nulli
522 1639 703 1728 descriptae
717 1644 834 1722 affinis,
856 1645 961 1731 quoad
977 1645 1113 1708 formam
1134 1644 1305 1708 Liebeni

178 1739 394 1804 islandiae
426 1734 585 1818 proxima.
637 1730 787 1805 Thallus,
830 1731 858 1792 si
886 1732 964 1792 alias
996 1730 1151 1792 sectionis
1188 1730 1306 1811 species

179 1845 362 1906 comparas,
391 1830 503 1891 tener,
519 1813 805 1891 ¹membranaceus,
827 1815 986 1898 rigidulus
1008 1828 1111 1878 tamen
1133 1828 1165 1873 et
1189 1813 1307 1873 cartila-

201 1911 416 1975 ineo-tenax,
440 1922 458 1963 e
479 1899 606 1962 laciniis
628 1898 770 1982 undique
792 1896 1061 1961 adscendentibus
1083 1898 1175 1980 apice
1200 1896 1306 1958 fructi·

176 1931 259 2058 leris
293 1990 460 2072 eleganter
481 1985 692 2065 caespitosus.
736 1981 850 2042 Facies
873 1984 1024 2065 superior
1053 1983 1304 2052 concaviuscula,

176 2075 312 2164 pulchre
341 2072 471 2156 glauca,
503 2068 633 2150 erugis
655 2065 804 2128 tenuibus
827 2067 1022 2128 reticulatim
1052 2065 1304 2150 prominentibus

178 2162 288 2238 obiter
316 2154 547 2226 scrobiculata,
578 2173 597 2213 e
619 2151 711 2212 strati
733 2150 897 2213 corticalis
919 2151 1050 2212 delectu
1081 2151 1157 2210 hinc
1181 2149 1260 2210 inde
1278 2151 1306 2207 in

177 2261 331 2330 rugorum
369 2236 596 2323 prominentiis
627 2234 896 2314 albo-punctam.
938 2235 1053 2296 Facies
1086 2235 1202 2316 supina
1221 2235 1306 2293 'cnu-

175 2324 378 2397 vexiuscula,
431 2321 583 2382 similiter
623 2319 810 2394 reticulata,
851 2331 1036 2380 constanter
1076 2318 1147 2379 alba
1191 2317 1304 2400 glabra

174 2412 327 2479 Laciniae
341 2409 521 2490 elongatae,
540 2403 786 2474 erectiusculae,
806 2405 894 2465 vario
910 2403 1006 2464 modo
1024 2402 1155 2473 divisae,
1178 2402 1213 2462 in
1230 2422 1303 2460 mar-

177 2502 252 2585 gine
275 2492 420 2555 flexuoso
438 2486 778 2572 repando-crenulato
800 2488 851 2548 rel
872 2486 1105 2570 integriusculo
1128 2487 1168 2548 ad
1190 2487 1307 2546 lentem

199 2581 306 2646 unctis
327 2575 430 2659 nigris
455 2571 649 2655 simpliciter
676 2569 802 2630 seriatis
829 2571 995 2654 eleganter
1015 2583 1163 2642 notatae,
1201 2589 1306 2630 versus

175 2609 272 2734 baem
294 2662 445 2723 dilatatae
467 2657 658 2720 rotundatas
678 2666 711 2716 et
731 2666 871 2730 retusae,
894 2655 1018 2738 ibique,
1040 2654 1145 2716 rarius
1167 2653 1208 2714 ad
1230 2673 1306 2713 mar·
1342 2651 1343 2722 ζ

175 2754 284 2838 ginem
313 2744 499 2817 lateralem,
531 2739 676 2824 pluribus
698 2737 842 2800 scutellis
872 2738 1011 2800 subinde
1031 2737 1204 2821 geminatis
1234 2759 1308 2799 onu-

177 2851 253 2900 stae.
299 2827 463 2892 Scutellae
485 2825 591 2886 minus
622 2843 715 2907 quam
739 2822 772 2882 in
795 2823 866 2884 aliis
895 2822 990 2903 bajus
1011 2822 1141 2906 generis
1167 2823 1307 2890 adustae,

176 2922 216 2986 ab
244 2915 342 2980 initio
372 2910 651 2993 cupulaeformes,
682 2905 808 2967 demum
834 2906 1024 2987 ampliores,
1057 2907 1217 2969 diametro
1243 2905 1310 2966 fere

177 2996 428 3081 semipollicari,
465 2993 507 3054 ob
529 2991 726 3075 positionem
747 2989 984 3052 horizontalem
1007 2991 1040 3050 in
1060 2989 1192 3050 laciniis
1213 2989 1307 3052 verti·
1342 3009 1343 3092 p

177 3087 298 3150 oalibus
319 3080 482 3162 obliquae,
504 3077 539 3137 in
562 3077 660 3137 dorso
680 3073 820 3154 excipuli
840 3077 941 3157 magis
962 3095 1053 3158 quam
1074 3072 1194 3135 thallus
1214 3092 1307 3156 rugo-

176 3189 250 3244 sae,
273 3163 385 3226 subtus
408 3161 494 3226 inl'ra
515 3161 648 3222 thallum
667 3178 761 3220 cavae
784 3156 924 3234 inflatae,
949 3159 1064 3220 exinde
1083 3160 1135 3234 (ut
1157 3157 1193 3217 in
1213 3160 1304 3218 Par·
1342 3195 1343 3222 ,

175 3250 301 3322 melia
329 3244 550 3328 perforata
577 3241 694 3318 Aah.)
718 3242 843 3302 demum
865 3243 972 3306 medio
1001 3242 1190 3324 perforatae
1212 3256 1248 3302 et
1267 3239 1302 3296 la·
1342 3237 1343 3286 ἶ

176 3333 432 3416 cero-plicatae.
478 3329 595 3406 Discus
614 3326 736 3388 indolis
763 3325 834 3387 fere
857 3346 990 3403 cereae,
1018 3323 1308 3387 linamenti-rulo·
1342 3351 1343 3384 π

175 3423 285 3488 luscus
317 3429 348 3476 et
370 3412 564 3484 maculatus,
597 3410 794 3494 inaequalis,
823 3409 960 3472 subinde
991 3430 1150 3490 perosus,
1185 3409 1222 3469 in
1243 3406 1312 3467 aliis
1342 3413 1343 3426 ¹

176 3504 307 3572 omnino
330 3497 502 3570 deficiens,
535 3497 582 3559 uti
603 3494 748 3564 videtur,
772 3495 811 3554 ab
833 3494 968 3557 insectis
990 3515 1153 3556 corrosus.
1197 3497 1314 3572 Margo

175 3584 319 3668 excipuli
342 3597 416 3645 aute
438 3581 562 3649 discum
583 3601 648 3660 non
670 3578 869 3662 prominens.

262 3665 383 3732 Crescit
418 3670 454 3732 in
484 3661 631 3730 Brasilia
667 3659 873 3726 meridionali
913 3656 1060 3743 (Sellow.
1091 3656 1193 3722 Herb.
1229 3656 1318 3742 fleg.

174 3751 319 3836 Beros).

507 3895 718 3984 saemo'rx.
760 3923 980 3982 evanum.

260 4081 420 4156 Eremia,
445 4071 535 4165 Syst.
557 4074 653 4140 Lict.
680 4100 714 4160 p.
736 4076 787 4144 23.

261 4195 408 4262 Usneae,
432 4177 556 4270 Hoffm.
578 4177 631 4247 ΡΙ.
655 4182 762 4246 Germ.
781 4207 814 4266 p.
843 4181 911 4257 13a‚
936 4183 1063 4266 specics
1085 4182 1320 4242 inarticulatae
1341 4153 1342 4228 ]

304 4275 461 4354 plurimae
495 4283 528 4331 et
569 4269 755 4330 articulatae
785 4268 967 4330 nonnullae.
1015 4267 1186 4338 Lobariae,
1231 4281 1323 4329 seat.

301 4355 498 4421 Platismatis
521 4351 620 4434 ejusd.
642 4352 664 4412 l.
687 4374 714 4414 c.
738 4372 825 4436 spec.
848 4352 1033 4416 nonnullae.

346 4511 358 4538 Ο
