2760 4922
237 313 281 379 86
387 391 390 398 .
500 399 504 410 1
567 327 570 338 ·
625 297 809 371 banasam.
831 304 997 370 (insanas.

290 435 297 467 l

204 547 207 556 .
246 487 374 570 hyalina
393 485 452 551 sub
468 487 557 551 lente
578 485 805 561 nitidiuaculs‚
827 486 863 548 in
883 485 994 550 medio
1013 483 1139 550 albidus
1157 497 1190 548 at
1210 481 1345 568 nigro-rs·

139 584 143 592 “
244 575 390 657 riegatna
401 617 412 651 ,
449 593 563 636 sersus
591 571 745 634 ambitum
773 571 947 636 obscurior
976 569 1144 652 eleganter
1172 567 1345 632 subauratin

247 659 356 742 pictus
379 671 412 720 et
431 649 773 755 nigro-marginatns.
816 655 996 739 Apothecia
1023 655 1167 719 abortiva
1196 651 1346 736 punctilor·

167 741 170 754 '
246 744 333 817 mia,
356 741 504 826 perfecta
536 741 690 812 linearia,
721 739 877 824 gracilis,
907 739 1083 808 tumidula.
1121 737 1251 800 subinde
1278 737 1345 797 inae·

245 828 373 911 qualia,
394 819 553 898 flexuose,
578 823 739 906 simplicia
761 837 795 886 et
816 823 1027 888 substollatim
1045 823 1222 898 ramulosa,
1242 818 1346 883 adfines

245 911 461 986 acutiuscula,
484 909 703 993 magnitudine
719 911 912 984 nostratium
922 908 1091 992 apothecis
1106 907 1178 970 lere
1191 904 1351 990 aequantia,'

243 995 302 1057 sed
314 993 410 1079 paulo
422 995 580 1058 crassiora
592 1006 624 1054 et
636 993 738 1074 magis
753 994 939 1069 eminentia,
954 1006 1032 1070 atas,
1053 991 1166 1067 nitida,
1186 989 1298 1072 juniora
1307 1009 1345 1050 aa·

243 1095 338 1166 gusta
359 1079 491 1152 rimata,
510 1075 669 1142 adultiora
691 1090 806 1160 operta
828 1078 921 1160 plana
944 1089 977 1138 et
999 1067 1252 1140 connexiuscula.
1289 1073 1344 1135 Ilis-

242 1185 317 1226 cum
347 1161 407 1224 sub
438 1162 529 1226 lente
555 1162 738 1246 composita
771 1161 1071 1244 nigro-striatam,
1102 1160 1161 1224 sed
1180 1159 1283 1222 thecas
1298 1175 1343 1218 non

236 1246 318 1315 vidis
378 1270 390 1312 't
770 1271 775 1290 ¹
1219 1273 1223 1286 ⁴

326 1372 448 1438 Crescit
470 1371 516 1434 ad
538 1371 690 1435 corticem
716 1372 872 1435 ardorum
893 1382 1057 1436 vetustum
1080 1393 1187 1460 prope
1210 1367 1306 1442 Pani,
1321 1373 1341 1426 el

242 1457 288 1520 ad
304 1459 455 1521 corticem
471 1469 600 1520 tenuem
621 1455 712 1540 ligno
723 1457 811 1519 nudo
825 1455 979 1533 similem,
998 1479 1102 1542 prope
1120 1453 1267 1533 Bobium,
1286 1473 1341 1514 carr·

242 1537 320 1616 riuis
342 1541 603 1628 Leiogrammati
625 1539 765 1605 tenellae
784 1551 816 1604 et
839 1542 1053 1608 Verrucariae
1074 1541 1208 1618 vitreae.

732 1660 734 1668 a
1034 1643 1039 1668 l

325 1673 471 1736 Adnot.
514 1675 595 1746 Cum
625 1673 798 1756 inpriore
813 1672 903 1736 'loco
932 1672 1029 1735 natali
1050 1672 1228 1756 specimina
1247 1677 1339 1732 retusa

242 1757 298 1820 rix
326 1757 397 1819 ullo
423 1756 584 1840 gaudeant
615 1757 735 1831 thalla,
775 1757 809 1818 in
840 1756 943 1820 altero
972 1770 1080 1818 crusta
1111 1755 1228 1818 similis
1256 1749 1342 1814 sitilli

241 1841 538 1939 verrucariae
559 1841 726 1903 vitreae
750 1839 1115 1918 confinis,·differentis
1126 1841 1251 1986 plantae
1268 1859 1283 1898 a
1299 1853 1341 1895 no·

164 1954 166 1964 ν
242 1937 343 1986 strate
377 1946 432 1990 vax
458 1946 524 1988 non
554 1924 659 1987 omnis
692 1945 712 1988 e
743 1925 877 1988 corticis
897 1939 1014 1989 natura
1035 1926 1128 2010 singu
1143 1927 1193 1990 ari
1214 1937 1246 1989 et
1263 1917 1344 1985 tenui

130 2097 134 2104 Ι
242 2020 308 2072 tete
329 2009 413 2094 apud
433 2027 493 2073 nos
513 2009 638 2072 insueta
658 2008 803 2093 pendere
824 2008 967 2074 ridetur.

380 2211 382 2218 ’
463 2229 1106 2302 1⁵..cnsin1asnnnscruosa.
1131 2235 1155 2306 ’c

178 2484 183 2506 ,
326 2422 386 2486 Gr.
414 2434 524 2484 crusta
554 2412 1057 2484 autumnitas-membranacea
1087 2419 1265 2494 albissima,
1290 2431 1346 2496 spo·

244 2505 364 2570 tbeciis
392 2505 573 2568 linearibus
600 2505 759 2588 elongatis
783 2502 996 2567 subssexuosis
1016 2519 1049 2567 ct
1071 2505 1244 2588 angulatim
1263 2519 1347 2562 curra·

243 2593 286 2656 tis
308 2589 435 2654 obtusis
457 2588 655 2652 suba-amosis
675 2589 773 2664 stris,
806 2587 934 2650 demum
965 2589 1205 2664 canaliculatis,
1225 2581 1346 2667 margini·

239 2676 303 2740 bus
323 2673 488 2760 parallelis
510 2671 738 2738 subllexuosis.
781 2674 889 2756 Syst.
905 2673 1026 2736 mich.
1047 2673 1125 2757 fig.
1147 2674 1179 2738 6.
1200 2694 1229 2738 s.
1249 2671 1280 2734 b.
1297 2687 1318 2728 c.

325 2780 459 2866 'I'laallus
481 2813 687 2878 mamaccas,
707 2793 950 2878 crassiusculus,
972 2801 1221 2886 sublaerigatus,
1240 2789 1347 2862 subinde

239 2886 473 2950 nitidiusoulus
492 2899 554 2948 nec
576 2888 709 2950 omnino
732 2887 924 2964 continuus,
954 2886 1065 2948 colore
1086 2887 1213 2960 lacteo,
1245 2885 1275 2944 in
1295 2898 1349 2942 eon·

240 2969 321 3036 finio
353 2971 655 3054 nigro-limitatus,
684 2971 718 3032 in
739 2971 904 3032 nonnullis
925 2972 1158 3052 speciminibus
1180 2990 1254 3036 cum,
1272 2963 1349 3028 Tbe-

239 3053 484 3120 lotramatis
506 3055 698 3117 confinis
718 3055 817 3118 thalla
838 3053 1017 3120 confluens.
1053 3055 1350 3138 Apotheciaprseca·

240 3137 393 3202 dentibus
422 3138 560 3221 majora,
601 3138 804 3202 anfractuosa
833 3140 886 3200 vel
915 3139 955 3200 ad
986 3140 1135 3222 angulum
1165 3152 1286 3201 rectum
1306 3133 1351 3192 hut

239 3225 319 3287 illue
350 3219 455 3298 flexa,
500 3221 637 3306 singulis
677 3223 752 3284 talis
779 3222 944 3306 apothecii
974 3224 1118 3304 partibus
1149 3214 1351 3286 rectiusaulis.

242 3309 320 3372 alias
350 3307 453 3392 magis
485 3319 632 3382 curvata,
662 3305 819 3392 pleraque
858 3306 1038 3388 simplicia,
1071 3307 1176 3369 rarius
1210 3303 1303 3368 bifida
1330 3307 1351 3356 tt

239 3390 453 3456 substollatim
473 3396 621 3470 ramosa,
656 3392 749 3456 disco
783 3391 993 3462 canaliculato
1024 3393 1059 3452 in
1086 3392 1222 3456 vetustis
1252 3381 1351 3451 albida·

237 3475 479 3562 pulverulento.

297 3621 299 3650 ι
327 3579 448 3644 Crescit
479 3580 524 3641 ad
548 3579 701 3646 corticem
733 3579 888 3643 ardorum
903 3575 1145 3665 frondosarum
1167 3597 1270 3664 prope
1296 3565 1351 3632 Cai-

238 3664 322 3744 tete,
354 3658 493 3745 confinis
523 3664 738 3728 Verrucariae
756 3686 895 3750 perosae
914 3676 946 3727 et
978 3661 1214 3728 Thalotremati
1235 3655 1351 3723 occulto.

322 3772 470 3838 Adnot.
493 3775 517 3834 1.
557 3772 652 3836 Licet
685 3774 718 3834 in
741 3774 837 3834 unico
859 3773 1039 3853 specimine
1060 3773 1202 3856 plantula
1224 3775 1351 3832 nostrat

238 3857 361 3924 conlini
398 3855 722 3920 Thelotremate
762 3858 907 3940 margine
948 3857 1044 3940 nigro
1076 3857 1220 3938 sejuncta
1253 3855 1306 3922 sit,
1331 3845 1351 3904 it

238 3946 305 4010 alio
321 3957 435 4007 ⁴tamen
464 3942 643 4024 specimine
663 3941 833 4024 apothecis
855 3942 1026 4028 utriusque
1049 3941 1176 4023 speciei
1206 3934 1351 4002 commitit

239 4029 428 4098 obveniunt.

322 4135 467 4199 Adnot.
496 4133 535 4194 ll.
588 4133 725 4212 Species
756 4131 798 4192 ob
831 4132 976 4195 colorem
1013 4131 1115 4192 thalli
1139 4126 1351 4216 apothecisque

238 4223 319 4286 bino
339 4219 416 4282 inde
436 4214 589 4280 breviora
609 4216 802 4277 rectiuscula
820 4215 1044 4298 'Grapbidi
1063 4212 1267 4280 Commati
1284 4210 1351 4270 sima

177 4345 181 4360 ι
240 4308 282 4368 lis
295 4303 413 4450 ,ductis
434 4321 514 4364 raro
535 4299 641 4364 allatis
661 4300 911 4394 peritbecioque
942 4302 1073 4386 integro
1095 4299 1204 4364 sessili
1227 4305 1351 4360 constan¹

240 4403 294 4454 ter
337 4404 451 4454 aversa.
