2760 4922
217 643 244 715 ·,
317 705 321 714 ,
375 595 744 718 ,τιιιευε”’νιι,ιμι.

198 753 966 885 'cesssionem¹

34 926 214 1006 inscanter.
228 945 321 989 mon.
333 945 364 987 r.
379 945 413 989 ts.
426 961 455 974 —
465 939 695 1000 estractus,
719 945 808 988 nter.
825 945 905 990 ests.
917 947 978 990 nas
989 949 1137 992 nrroxra

33 1032 136 1073 mser.
155 1029 177 1074 s.
190 1043 220 1056 -
234 1009 300 1070 ris
322 1031 412 1072 assas
432 1029 493 1072 sun
503 1029 561 1072 cns
578 1029 736 1072 onsrroc.
747 1029 809 1070 nes
824 1010 877 1074 ico.
896 1023 1047 1096 oneror.
1061 1031 1095 1075 ts.
1109 1045 1136 1066 -

66 1115 165 1168 satas,
191 1115 244 1154 rt.
268 1114 395 1154 norton.
416 1115 445 1154 r.
467 1112 888 1157 mss-nsunnocsnronun
920 1117 940 1152 s
971 1109 1097 1172 narse,

138 1197 194 1239 nse
223 1197 393 1240 nnrwscn.
416 1197 484 1240 nnn
506 1197 695 1240 rascnrsn.
724 1199 754 1240 r.
776 1197 835 1245 teos
851 1179 1012 1259 errans.)

115 1304 416 1406 Apotbccium
448 1305 637 1404 oblongo·
652 1305 810 1394 lineare,
846 1309 1138 1402 subimmersum,
1242 1391 1248 1400 ,

39 1417 182 1492 rimatum
207 1419 266 1495 sel
291 1419 800 1518 canaliculato-discigerum.

112 1532 300 1612 Thallus
325 1551 546 1634 cmstaccus.

98 1697 236 1760 Adnot.
289 1696 379 1789 Quae
409 1679 530 1760 'tribum
566 1716 649 1758 nunc
688 1697 758 1760 iere
797 1697 946 1770 omnibns
975 1716 1142 1786 acceptans

33 1783 64 1844 ab
78 1781 135 1843 aliis
154 1781 355 1864 distinguere
382 1794 501 1862 cogunt
520 1774 680 1856 rationes,
717 1781 820 1844 forma
839 1784 989 1846 nimirum
1008 1784 1141 1870 apothe-

33 1867 133 1928 ciomm
148 1867 316 1948 elongata,
338 1865 413 1926 hinc
429 1865 534 1926 minus
549 1866 694 1948 patienta
708 1887 800 1950 quam
817 1869 1034 1946 concentrica,
1057 1889 1141 1956 quas

31 1951 222 2032 vegetationis
239 1966 359 2010 summa
375 1961 444 2020 ast,
477 1947 551 2010 dein
570 1949 758 2028 ambiguitas
774 1969 930 2034 generum
947 1961 1141 2037 praeclpuo·

33 2055 86 2094 run
100 2037 182 2096 inter
199 2033 337 2096 formam
356 2032 521 2114 globosam
540 2033 931 2116 et.plano·discoidesm‚
961 2057 1043 2120 quse
1062 2059 1140 2120 apo·

33 2118 189 2182 theciorum
206 2118 275 2198 typi
293 2117 458 2198 primarii,
495 2117 626 2182 madon
644 2117 789 2180 rationes
805 2121 911 2184 locum
929 2120 1034 2184 tribus
1051 2122 1141 2184 inter
1224 2167 1229 2186 1

30 2199 153 2286 ‘lichenes
180 2201 328 2262 infimum
352 2213 440 2262 certo
461 2201 581 2262 certius
606 2201 782 2264 vindicant.
825 2204 1020 2285 ,apothecis
1045 2225 1142 2288 pree·

34 2297 102 2348 terea
119 2287 325 2367 utplurimum
342 2284 375 2346 in
392 2283 559 2364 juventute
576 2284 843 2365 hypopbloeodea
868 2309 980 2352 omnes
999 2302 1143 2352 structu·

33 2391 75 2431 rae
90 2370 287 2434 differentias
305 2367 478 2443 exhibent,
502 2371 634 2452 quaein
652 2371 952 2444 verrucarinis
973 2386 1007 2434 et
1023 2373 1141 2437 Letti-

35 2453 125 2525 diuis
159 2455 340 2518 mustaceis
365 2451 560 2526 obveniunt,
597 2453 868 2537 quemadmodum
895 2457 930 2520 is
952 2457 1139 2540 ,systematis

34 2540 118 2600 ausui
134 2539 353 2602 illustratione
375 2549 551 2619 conspectu
570 2537 792 2604 indicarimus.

418 2765 443 2820 1.
475 2763 688 2824 molimus.
714 2767 733 2832 l·

97 2901 269 2988 Grapbidis
291 2867 393 2962 Aiaci.
414 2903 510 2984 Spec.

98 3011 280 3084 Fissarina,
305 3005 368 3107 Fe'e
387 3005 412 3069 I.
433 3027 462 3068 c.
478 3027 515 3093 p.
539 3025 591 3071 so.

109 3149 421 3249 Apotbccium
453 3143 809 3243 oblongo-lineare,
837 3147 1141 3236 snbrammosum,

26 3248 195 3320 enucleo
226 3248 327 3320 nudo
358 3249 531 3319 immerso
562 3245 666 3318 sicco
700 3244 930 3334 collabente,
968 3273 994 3318 a
1025 3247 1143 3321 thalla

31 3337 139 3418 hiante
162 3363 327 3444 recepto.
425 3425 426 3428 Ἴ

112 3443 309 3516 'Phallue
340 3459 567 3515 cmstscaus.
633 3457 643 3496 ³

97 3571 236 3634 Adnot.
288 3574 399 3638 Genus
423 3569 595 3652 ,imprimis
632 3567 823 3643 Perisse,
860 3565 966 3631 minus
995 3563 1143 3636 Tbelo·

26 3657 182 3716 tremati
211 3655 298 3717 inter
331 3658 630 3723 verrucarina's
660 3654 830 3736 analogon.
882 3651 1060 3736 Apothccia
1094 3655 1144 3737 ju·

22 3735 126 3810 niora,
147 3762 279 3824 quorum
301 3743 433 3803 nucleus
454 3761 471 3800 a
494 3739 638 3822 marg'ine
662 3739 770 3799 clauso
794 3753 900 3824 neque
927 3739 1145 3800 membranula

22 3822 148 3901 propria
159 3825 305 3886 obtectus
324 3835 391 3900 est,
422 3825 536 3886 rimam
556 3821 649 3884 'tballi
671 3823 859 3886 tenuissime
873 3822 1072 3904 ¹impressam
1093 3843 1148 3884 re·

22 3900 148 3976 ierunt,
171 3930 231 3992 qua
253 3908 382 3974 tandem
403 3907 550 3980 dilatata,
583 3909 618 3968 id
642 3903 728 3990 quod
751 3905 784 3968 in
807 3888 1040 3988 plurimi‘s'sub
1064 3927 1147 3990 aqua

22 3989 167 4068 procedit
188 3993 238 4072 (in
260 3993 333 4054 aliis
367 4008 479 4058 contra
511 3991 699 4054 madefactis
728 3993 890 4074 margines
921 3988 1147 4068 clauduntur),

22 4073 153 4133 nucleus
174 4077 372 4154 denudatur,
387 4078 568 4141 solenniter
583 4076 709 4150 tenuis,
735 4075 936 4157 pellucidus‚
968 4074 1071 4156 magis
1087 4075 1151 4136 mi·
1180 4136 1186 4145 ,

22 4173 124 4217 nuere
142 4153 331 4235 rubescens,
357 4163 410 4225 rix
425 4182 566 4246 superne
585 4161 777 4242 pruinosus,
800 4160 891 4244 quasi
909 4159 942 4220 in
961 4157 1053 4218 thalli
1067 4159 1150 4221 rima

22 4257 80 4319 pro
103 4244 227 4306 modulo
244 4243 399 4309 conflatus
411 4264 472 4308 nec
488 4247 553 4306 ullo
572 4243 708 4330 proprio
728 4247 873 4326 margine
889 4241 1043 4322 gaudens,
1067 4263 1151 4304 mar·

25 4323 100 4403 gine
128 4327 260 4392 tballode
284 4331 437 4415 utrinque
462 4331 587 4402 minua,
631 4347 726 4414 quam
755 4327 954 4409 in''reliquis
973 4329 1150 4410 generibus

22 4408 192 4486 parallelo:
219 4415 337 4502 quibus
351 4417 458 4494 notis,
482 4434 564 4501 quae
577 4411 671 4497 huius
688 4425 762 4478 sunt
778 4411 928 4496 generis,
948 4430 976 4473 -s
993 4429 1149 4496 generum

711 4507 732 4574 5
