2688 4898
360 285 545 350 brossrrs.
580 227 762 348 cunonis.
883 311 885 320 =
1064 273 1126 340 tes

242 485 270 538 2·
312 489 546 544 GMDOMA
596 485 877 536 SAIGUIHA·
1004 521 1018 541 ,

96 626 139 690 ct.
158 623 248 690 tballi
277 623 404 690 foliolis
432 623 549 708 rigidis
570 622 689 706 crossia
712 590 895 702 majusculis
914 613 1124 678 lobeto-cre-
1232 657 1236 666 ,

30 709 124 772 aulatis
142 707 405 774 sdseendentibus
425 708 564 793 prasinis
580 709 667 770 intus
689 704 851 768 coccineis
869 699 980 798 subtus
1001 695 1124 796 albido·

48 791 167 856 minoeia
196 793 355 856 rubedine
390 795 627 866 translucente,
667 788 809 872 podetiis
838 785 951 848 validis
978 779 1125 880 laevtbus

30 815 184 953 ltcuooais,
216 876 266 939 rel
288 877 418 940 omnino
440 879 493 940 vel
516 878 608 960 apice
630 871 829 937 solummodo
849 864 1126 968 longitudinalrger

32 959 112 1030 fissis,
151 959 225 1024 hinc
259 943 559 1045 lobato·digitstim
592 959 760 1040 expansis,
791 951 970 1038 apotheciis
1000 949 1124 1034 magnii

26 1044 232 1127 marginalibus,
246 1043 482 1110 confluentibui
505 1043 680 1110 coccineis.

90 1193 160 1258 Icon
181 1195 238 1260 sel.
262 1208 370 1282 crypt.
394 1197 479 1262 bras.
504 1197 569 1260 tob.
593 1219 638 1260 ιι.
663 1187 783 1281 figo.
805 1231 846 1247 -
878 1183 1016 1270 Flt'irlte,
1038 1207 1124 1250 com·
1190 1185 1217 1220 '·
1320 1257 1324 1266 p

123 1291 216 1350 ment.
238 1302 336 1346 noua.
363 1304 399 1366 p.
423 1302 474 1348 su.

63 1439 66 1444 ·
91 1418 235 1484 Clsdonia
259 1419 408 1496 ministr,
431 1416 565 1506 Meyer.
588 1414 610 1479 l.
633 1438 661 1478 c.
686 1425 755 1498 tlt).
778 1412 858 1494 (lide
879 1371 1066 1496 speciminis
1084 1409 1123 1472 iu

124 1504 212 1566 berb.
234 1503 317 1590 Reg.
340 1503 468 1586 Berol.)
925 1530 927 1542 =

88 1639 229 1706 Plantula
251 1640 380 1726 elegans
398 1639 612 1722 caespitulosa
629 1635 793 1701 coloribus
813 1633 1001 1697 ardentibus
1021 1632 1123 1716 insig-

25 1718 163 1800 ῃῐ1·(ἰ6011
184 1724 244 1788 01⁸!-
257 1718 324 1828 fig.
341 1721 369 1788 I.
395 1727 438 1804 a.)
480 1723 613 1788 Thallus
630 1743 649 1786 e
668 1721 793 1784 ioliolis
812 1717 991 1782 imbricatis
1008 1735 1123 1815 aggre-

24 1806 106 1884 gratis.
142 1810 271 1874 Foliola
293 1808 535 1874 inciso-lebate
562 1821 596 1871 et
616 1807 800 1880 erenulata,
833 1801 1059 1867 adscendentis
1089 1812 1124 1862 et

24 1885 112 1951 rollers
131 1893 168 1970 (i.
187 1913 218 1956 e.
244 1894 390 1976 margine
408 1893 625 1975 resupinata),
651 1889 870 1970 subcrispats,
892 1885 1001 1964 t-(l
1019 1885 1123 1948 lineas

24 1969 81 2048 ¹³¹⁸,
99 1977 306 2052 crassissimi,
324 1978 364 2040 ad
379 1978 499 2041 lentem
516 1975 741 2047 scrobiculsta,
763 1973 892 2035 demum
907 1969 1035 2043 rimosa,
1058 1967 1122 2031 fra·

27 2053 92 2131 illis,
109 2071 208 2126 strato
231 2061 358 2143 triplici
381 2060 576 2145 compmita3
598 2079 734 2145 quorum
755 2055 893 2120 inierim
914 2069 1011 2118 tenue
1033 2051 1123 2135 prui-
1227 2067 1234 2078 ·

26 2155 106 2202 norun
125 2145 271 2210 elbidum
294 2146 477 2220 evanidam,
500 2145 641 2206 medium
663 2140 870 2220 (medullare)
891 2138 1124 2203 crassissimum

26 2224 176 2292 coccineum
198 2243 364 2294 structure
381 2247 480 2312 parce
499 2227 641 2292 floccosa
660 2225 799 2310 globulis
817 2223 960 2306 copiosis
981 2219 1122 2283 miniatis

20 2299 163 2390 inspersis,
186 2315 343 2396 superius
371 2311 574 2397 inaequabile
605 2311 785 2395 prasinum,
814 2306 990 2372 substantia
1011 2303 1122 2385 (hujus

17 2393 85 2452 strati
97 2397 310 2478 posterioris)
332 2398 365 2458 in
384 2395 571 2459 madefactis
592 2394 802 2478 singulariter
818 2403 1018 2455 tumescente
1036 2390 1122 2473 gels-

16 2469 108 2553 tinosa,
139 2482 178 2544 ad
210 2481 396 2544 sectionem
424 2481 500 2544 satis
528 2493 659 2543 tenuem
685 2477 844 2559 hyalinas
864 2476 903 2537 ad
929 2475 1122 2560 crassiorem

15 2555 189 2640 virescente,
222 2565 356 2629 sellulis
377 2564 583 2628 difformibus
604 2561 763 2646 elongatis
785 2556 959 2635 flexuosis,
982 2559 1024 2622 ob
1047 2559 1122 2619 sub·

15 2645 124 2708 stantiae
142 2649 410 2734 pelluciditatem
427 2647 606 2713 difficulter
624 2644 820 2728 conspicuis,
842 2665 903 2708 nec
923 2643 1015 2705 fibris
1033 2640 1119 2716 ullis,
1155 2644 1159 2650 ’

15 2723 77 2800 [leon
97 2730 149 2796 cit.
173 2727 249 2834 fig.
271 2731 300 2798 I.
323 2733 382 2812 5.).
425 2733 563 2796 Podetia
594 2750 696 2815 seque
730 2746 854 2798 cressa,
897 2725 1120 2799 breviusculis,

15 2813 256 2895 semipollicarra,
279 2818 383 2881 rarius
401 2816 578 2901 polliceris,
595 2815 721 2897 juniora
739 2811 974 2885 decumbentis,
992 2807 1122 2880 domum

15 2903 170 2980 tangentia
187 2903 336 2976 incurva,
358 2900 436 2964 ltine
452 2901 531 2963 inde
544 2898 668 2962 ioliolia
684 2896 882 2982 squamaceis
898 2896 975 2957 inde
990 2915 1007 2956 a
1020 2901 1120 2967 rhollo

15 2995 111 3043 tursum
133 2986 360 3070 magnitudine
383 2984 664 3049 descrescentibus
684 2981 819 3057 restite,
842 2989 1032 3066 aggregate,
1054 3007 1121 3050 ase·

15 3059 63 3138 tius
83 3059 170 3132 inter
194 3089 234 3132 se
257 3082 290 3131 et
311 3089 383 3130 cum
403 3068 489 3132 lobia
510 3067 618 3140 thalli,
641 3088 659 3128 e
682 3065 773 3146 cujus
795 3069 938 3153 margine
960 3070 1122 3154 originem

15 3141 122 3225 lucunt,
154 3149 436 3227 subeonlluentia,
466 3175 559 3216 unam
581 3151 619 3214 ad
640 3149 733 3212 binas
753 3150 854 3213 lineas
876 3151 1034 3217 diametro
1055 3177 1124 3220 me·

15 3227 122 3314 lentia3
161 3237 359 3321 plerumque
390 3235 430 3298 sd
458 3237 596 3298 mediam
621 3248 744 3319 partem
773 3235 959 3318 angustiora
996 3260 1122 3302 sursum

15 3313 206 3405 leorsumqne
236 3319 384 3396 dilatata,
420 3317 512 3464 apice
533 3320 609 3382 dein
632 3318 684 3382 vel
714 3317 847 3403 oblique
877 3321 1120 3405 subscyphiiers
1238 3381 1243 3394 ,

15 3395 40 3458 'tl
57 3400 119 3465 late
141 3393 416 3488 plano-expansa
451 3400 736 3486 scere-digitatim
757 3401 877 3482 diviss3
909 3407 1014 3468 rarius
1036 3423 1123 3486 tere,-

15 3479 32 3542 la
60 3488 298 3572 angustissime
327 3507 390 3552 nec
417 3488 483 3551 nisi
517 3487 556 3551 sd
579 3486 779 3569 superiorem
800 3501 924 3568 partem
954 3489 1130 3570 fistulosa,

15 3571 191 3650 sequentius
224 3571 266 3633 ad
294 3594 391 3634 unum
419 3571 522 3646 latus,
555 3571 607 3634 vel
634 3591 652 3632 s
676 3569 748 3631 basi
776 3572 827 3635 vel
858 3573 951 3638 altius
976 3597 995 3658 a
1016 3577 1121 3639 media

15 3666 73 3716 arte
96 3654 390 3742 longitudinaliter
409 3654 484 3720 lissa
505 3670 538 3718 et
552 3653 768 3724 canaliculos,
790 3657 927 3720 caritate
945 3658 1121 3744 longitudi-

15 3735 46 3796 ali
72 3740 104 3800 in
133 3741 311 3822 juventute
338 3763 356 3804 a
380 3740 609 3803 membranas.
634 3739 706 3802 relo
734 3742 924 3823 scyphorum
952 3741 1121 3828 diaphrag-

15 3822 72 3888 atis
94 3825 138 3888 ad
162 3824 316 3908 speciem
337 3824 495 3900 obducta,
526 3822 614 3909 quod
634 3824 675 3886 sd
697 3825 858 3906 margines
882 3825 1006 3910 podetii
1027 3842 1060 3891 et
1082 3829 1121 3890 ad

15 3903 233 3970 ¹berculorum
261 3907 352 3971 basin
373 3907 501 3970 affixum
530 3927 569 3969 ex
591 3908 769 3969 eorundem
797 3911 982 3975 evolutione
1003 3913 1121 3975 sensim

15 3990 170 4078 usimque
188 4005 321 4054 tensum
342 3994 467 4057 demum
487 3992 699 4074 disrumpitur
719 3991 805 4068 (icon
823 3994 876 4058 cit.
891 3991 956 4079 fig.
975 3994 1003 4058 l.
1026 4017 1055 4058 o.
1071 3995 1121 4073 m(

43 4077 242 4150 evanescit,
282 4078 451 4140 cavitatste
482 4077 604 4160 podetii
635 4077 863 4160 longitudinali
898 4079 1122 4164 irregulariter

15 4161 120 4220 rtatim
140 4158 224 4222 fissa
241 4161 364 4222 relicta.
407 4157 544 4222 Fabrioe
559 4159 764 4243 podetiorum
782 4163 892 4226 eadem
914 4185 995 4246 quae
1017 4163 1122 4241 thalli,

15 4243 39 4302 si
62 4244 157 4329 quod
182 4256 323 4306 stratum
353 4246 528 4307 medullare
550 4246 713 4318 miniatum
735 4271 760 4309 s.
783 4247 971 4311 coceineum
997 4270 1122 4314 sursum

15 4328 98 4390 nsim
122 4327 339 4407 diminuitur,
363 4345 496 4394 econtrs
512 4343 644 4395 atratum
661 4329 765 4394 alhum
782 4347 916 4416 nugetur
934 4335 1021 4420 quod
1041 4357 1139 4401 nom.
