2656 4902
233 319 237 329 ⁸
340 250 522 314 Lacuruus.
565 249 826 314 Personam·

360 403 554 541 ramus
573 505 576 518 v
598 471 821 572 outnrs.

208 641 897 770 ‘PARMELINAE

19 829 267 904 rsnnuuaca'an
290 857 332 901 nr
355 856 687 904 usratorsa'usonw.
707 861 792 904 srsr.
810 859 938 903 aroma.
952 855 990 899 to.
1003 857 1046 898 nr
1060 857 1099 900 21.
1115 871 1158 884 -··

21 945 274 1015 usrmqnanum,
318 943 691 988 manutenemus
714 945 943 990 nsmaomsnun
965 943 1092 1006 anans„
1102 943 1157 1008 pn.

22 1031 143 1072 norton.
176 1031 206 1070 r.
230 1025 279 1067 ess.
301 1025 349 1068 rso.
366 1027 511 1083 curram
535 1031 773 1074 cosnusaacasr
792 1029 904 1072 ususo.
921 1033 952 1070 n.
966 1027 1033 1071 cr.
1055 1023 1160 1065 254.-

27 1110 280 1165 consenseras,
303 1111 447 1169 usurus,
470 1095 535 1170 risa
558 1117 588 1155 n.
611 1092 690 1156 αἰ».
712 1118 804 1166 xnus,
833 1116 907 1169 cxv,
940 1113 1029 1164 nxxr,
1051 1107 1171 1165 nxxv3·
1256 1171 1258 1174 Ι

27 1197 256 1248 anstrannum,
279 1196 560 1252 macaronesum,
583 1187 883 1262 soutnsmaluun,
912 1192 1160 1274 rsnprcmscra·

31 1282 98 1333 nun,
117 1279 466 1335 connrcunsumsnurr,
497 1283 610 1326 nauso.
641 1286 670 1324 n.
703 1285 731 1326 c.
762 1285 792 1325 r.
823 1285 945 1340 sumu,
978 1277 1050 1333 mss,
1081 1277 1158 1332 cxc,

64 1367 168 1422 usna,
202 1363 347 1406 causus.
373 1378 415 1390 —
464 1367 753 1410 strasocsnaonusr
785 1368 826 1407 ur
856 1361 1119 1410 uruuuocsuro-

253 1481 258 1496 ,
361 1437 435 1488 Μ’
458 1439 490 1497 β.
512 1452 645 1508 aaran,
669 1450 812 1496 carnus.

109 1580 428 1679 Apothecium
445 1572 702 1670 'discoideum,
730 1579 963 1677 discigerum,
989 1573 1159 1678 excipulo

27 1678 178 1752 thallodc
203 1677 462 1754 scutelliformi
488 1700 679 1782 receptum
703 1681 1030 1780 marginatumque.

108 1808 312 1882 'I'hallus
344 1811 550 1886 rarius.-

49 1963 53 1974 ·
94 1937 250 2000 Adnot.
274 1939 491 2022 Apothecium
510 1937 755 2004 discoisleumiu
774 1935 1051 2022 Glyphidcis‚
1073 1953 1157 2020 quae
1186 1966 1191 1975 1

19 2020 230 2098 praecedunt,
253 2023 519 2105 perfectissimis,
542 2025 619 2102 (cir.
644 2025 752 2088 adnot.
778 2025 816 2088 ad
841 2021 1100 2087 Chiodecton
1122 2031 1165 2081 et,

21 2104 285 2182 Conioloms)
318 2107 455 2170 formam
488 2109 620 2194 quidem
654 2111 781 2173 altioris
811 2105 1007 2172 evolutionis
1043 2117 1158 2166 rotun-

22 2185 117 2250 datam
159 2190 329 2268 adeptum,
369 2193 427 2254 sed
462 2192 562 2255 thallo
602 2195 706 2258 adhuc
738 2193 924 2257 stromativc
954 2191 1155 2263 immersum,

18 2269 50 2331 iu
75 2275 290 2358 sequentibus
310 2276 437 2338 demum
463 2278 621 2361 singulum
648 2300 743 2364 supra
774 2279 907 2340 thallum
934 2276 1096 2346 elevatur,
1120 2272 1157 2354 l¹²

17 2357 284 2422 Parmelinis
337 2361 488 2444 excipulo
532 2361 673 2424 tha-'lode
721 2357 882 2425 cor'ticato
928 2355 1155 2444 margin'atum,
1249 2439 1252 2448 ,

18 2439 48 2500 in
84 2441 378 2526 Peltigereis,
418 2467 499 2532 quae
529 2461 725 2532 sequuntur,
763 2470 780 2508 s
812 2460 912 2511 strato
954 2441 1155 2508 solummodo

18 2525 187 2588 medullari
225 2528 342 2592 leviter
369 2545 558 2614 receptum,
598 2532 632 2592 in
669 2531 900 2594 Lecidinis
928 2529 1057 2594 demum
1086 2547 1155 2589 om-

17 2610 90 2673 nino
111 2611 327 2690 denudatum,
357 2613 516 2690 liberum,
542 2614 730 2691 ¹elevatum,
770 2617 810 2678 ad
844 2615 980 2676 formam
1024 2609 1153 2672 tandem
1240 2665 1243 2677 .

17 2697 185 2778 capitatam
230 2697 510 2778 (Clsdonise)
557 2699 725 2762 accedens.
769 2699 901 2762 Thallus
943 2693 1066 2759 similes
1103 2714 1155 2756 se·

19 2781 123 2861 quitur
139 2779 338 2846 evolutionis
364 2782 503 2866 gradus,
536 2783 642 2856 minus
665 2805 778 2846 veros
809 2803 844 2846 se
868 2781 1007 2844 invicem
1037 2779 1155 2841 distin·

18 2878 84 2926 ctos
100 2885 160 2926 nec
173 2865 260 2927 intra
276 2867 418 2929 tribuum
438 2879 620 2930 nostrarum
636 2866 717 2930 fines
736 2865 1019 2954 circumscriptos3
1047 2864 1156 2928 variae

12 2950 121 3030 potius
140 2949 282 3030 ejusdem
303 2949 429 3014 formae
458 2971 529 3016 cum
556 2952 654 3016 variis
676 2953 921 3034 apotheciorum
940 2969 1041 3014 nexae
1068 2959 1155 3026 suut,

11 3033 276 3117 quemadmodum
322 3037 502 3118 systematis
542 3037 647 3099 nostri
677 3038 884 3120 expositione
917 3036 1016 3098 clavis
1051 3055 1154 3125 genc-

11 3137 84 3178 rum
110 3119 296 3201 synopticae
323 3139 385 3202 ope
411 3121 670 3183 illustravimust¹
696 3123 730 3184 in
768 3118 1034 3184 Parmelinis
1074 3119 1151 3182 ideo

12 3201 127 3262 thallus
148 3222 165 3262 e
188 3217 358 3270 cruataceo
376 3205 415 3266 ad
436 3205 619 3278 foliaceum,
643 3205 677 3266 in
697 3209 808 3289 paucis
825 3203 997 3288 speciebus
1023 3201 1063 3264 ad
1082 3201 1152 3264 fru-

15 3285 187 3349 ticulosnm
203 3290 363 3370 pervenit,
387 3290 421 3351 in
445 3291 720 3372 Peltigercis
740 3291 897 3354 foliaceus
922 3290 975 3354 vix
993 3305 1058 3351 non
1074 3307 1152 3370 per·

19 3368 210 3433 lectissimus
239 3373 346 3436 evadit
366 3386 527 3436 structura
553 3375 741 3459 formaque,
772 3375 815 3436 iu
837 3372 1061 3436 Lccidinis
1083 3372 1149 3433 dc·

18 3472 96 3517 mum
122 3464 144 3516 'e
168 3469 339 3520 crustaceo
368 3460 484 3521 transit
508 3459 596 3523 vario
624 3461 722 3538 modo
747 3461 781 3522 in
806 3457 994 3522 fruticulosi
1014 3457 1150 3520 formam

11 3541 300 3618 perfectissimam,
324 3563 406 3628 quae
425 3544 460 3606 in
486 3543 766 3607 Stcreocaulo
795 3565 867 3606 cum
898 3554 1083 3614 crustacea,
1114 3541 1150 3604 in

14 3643 137 3687 summo
167 3645 246 3690 vero
278 3648 411 3710 genere,
448 3624 673 3702 Clsdonia‚
719 3647 792 3691 cum
819 3626 958 3690 ioliscce
995 3626 1147 3711 pulcher·
1179 3699 1185 3706 .

7 3706 91 3772 rime
116 3711 300 3793 copulatur.
1170 3719 1172 3724 ’

90 3794 196 3856 Aliam
215 3816 283 3857 non
306 3816 378 3858 esse
401 3795 621 3863 differentiam
644 3796 731 3876 inter
759 3809 907 3861 veterum
937 3794 1089 3878 patellsm'
1114 3807 1148 3856 et

6 3878 190 3953 scutellam,
206 3877 289 3942 hanc
305 3881 457 3943 nimirum
474 3881 667 3946 nonfminus
687 3902 723 3944 ac
743 3883 829 3944 illam
848 3880 1044 3964 hypothecio
1069 3898 1147 3960 gau-

4 3962 88 4022 dere
110 3963 189 4039 licet
209 3963 364 4028 obsitum
387 3967 549 4028 occlusum
571 3967 762 4052 plerumque
781 3969 932 4032 tenuiore
952 3978 986 4026 et
1013 3961 1145 4024 dilutius

1 4045 164 4126 colorato,
188 4070 284 4132 supra
308 4049 450 4124 (observ.
471 4073 504 4134 p.
530 4054 721 4132 5qlmonui3
744 4053 861 4127 miror,
892 4049 978 4134 quod
997 4057 1146 4113 auctores

2 4134 227 4208 recentiores,
249 4134 305 4220 qui
320 4135 433 4197 icones
451 4148 579 4199 nostras
600 4136 640 4200 de
663 4137 845 4200 lichenibus
870 4131 1047 4196 crustaceis
1070 4151 1147 4194 mox
1208 4151 1210 4158 ¹

2 4216 209 4294 agnoverunt
223 4219 479 4305 probaruntque,
503 4220 633 4284 iconem
652 4223 834 4284 acutissime
850 4218 1044 4280 delineatam
1068 4237 1147 4298 epos

2 4295 105 4368 thecii
125 4303 397 4386 Parmense,
419 4325 482 4392 qua
509 4304 604 4390 hujus
637 4306 886 4392 hypothecium,
924 4300 986 4384 (uh
1012 4316 1146 4373 auctore
