2688 4898
162 242 226 308 222
525 231 706 294 Lacaenas.
743 229 924 294 Paauems.

164 413 367 490 deflectitur,
397 431 453 476 eae
499 431 518 473 e
537 411 577 474 ab
600 409 693 472 initio
714 409 884 493 copulares
905 410 1050 494 margine
1066 407 1210 490 iollam,
1232 414 1288 480 de·

164 522 250 563 mum
280 499 427 561 dilatatae
478 499 613 558 iametro
635 515 737 578 usque
765 495 940 577 trilineari,
963 495 1109 592 margine
1132 499 1186 558 vix
1210 499 1285 572 ullo,

160 585 267 648 'rarius
288 582 402 645 eodem
423 584 541 665 (aeque
556 600 592 640 ac
608 579 735 651 thallus)
753 578 972 642 denticulato.'
1004 583 1123 641 Discus
1142 597 1286 644 constan-

161 683 214 732 ter
234 688 409 739 concavus,
432 668 621 747 plerumque
644 664 983 744 carneo-pruinosum
1006 663 1110 726 rarius
1135 665 1246 735 ruber.

248 783 369 851 Crescit
385 772 574 843 in'ramulir
590 777 743 839 arborum
761 776 806 838 ad
824 778 929 861 ripum
942 774 1050 858 fluvii
1070 780 1287 844 Amazonum.

246 903 389 965 Adnot.
421 899 535 958 Planta
554 895 660 977 primo
682 894 801 956 intuitu
824 895 1057 957 Ramalinae
1079 896 1288 978 polymor.

161 985 265 1072 phac
291 983 383 1046 aleb.
418 981 557 1043 similior
581 999 674 1064 quam
704 978 920 1059 praecedens,
954 980 1066 1042 colore
1089 1001 1169 1042 vero
1199 983 1288 1044 thalli

147 1071 309 1156 ,discique
339 1067 455 1128 msturi
486 1078 581 1149 atque
607 1064 736 1125 lineolis
764 1064 981 1124 constantibus
1011 1063 1287 1142 distinctissimis,

157 1147 237 1216 'dein
270 1152 404 1235 apiculis
432 1172 457 1211 s.
485 1149 663 1211 denticulis¹
682 1147 790 1221 thalli,
822 1147 902 1209 licet
929 1147 979 1208 bis
1003 1149 1108 1210 minus
1136 1163 1287 1212 constan·

159 1239 265 1311 tibus,
296 1237 372 1297 satis
402 1233 561 1295 distincta.
605 1232 789 1315 Specimina
810 1246 919 1292 nostra
946 1231 988 1293 ob
1016 1232 1099 1294 disci
1125 1233 1290 1315 duplicem

160 1322 306 1388 colorem
325 1321 455 1380 citatum
475 1316 599 1400 sejungi
616 1339 679 1378 non
700 1327 850 1396 possunt,
873 1316 993 1399 quippe
1011 1317 1067 1416 (pri
1088 1316 1122 1378 in
1140 1319 1288 1399 plurimis

159 1406 290 1491 quidem
304 1403 490 1484 caespitulis
503 1403 639 1490 integris
654 1413 838 1462 constanter
853 1417 999 1473 carneus,
1016 1423 1051 1461 tn
1062 1401 1135 1462 aliis
1149 1401 1286 1481 juniori-

157 1491 218 1552 bus
236 1503 270 1552 et
288 1485 501 1549 adultioribus
524 1499 708 1547 constanter
728 1484 847 1557 ruber,
869 1484 902 1542 in
922 1485 1018 1546 unico
1038 1499 1144 1547 tamen
1160 1487 1285 1568 caespi-

157 1575 226 1636 tulo
261 1573 502 1656 apotheciorum
536 1569 698 1650 juniorum
730 1586 866 1630 carneus
899 1580 931 1627 et
964 1567 1158 1630 adultiorum
1187 1571 1283 1632 ruber

159 1659 359 1740 observatur.
402 1655 538 1718 Accedit
567 1652 801 1736 quodammodo
829 1663 958 1713 nostrae
988 1654 1172 1732 Borrera
1213 1657 1285 1717 Ce-

156 1742 299 1806 rucbis
325 1739 440 1815 nen,
474 1738 563 1817 cujus
586 1758 663 1801 vero
687 1731 864 1816 specimina
883 1756 999 1818 quaec
1020 1737 1203 1798 Pcruvia
1227 1739 1281 1800 ba-

156 1825 289 1900 bemus,
326 1823 425 1886 thallo
462 1823 606 1907 quamvis
639 1821 774 1881 subinde
795 1819 934 1880 foliaceo
956 1841 1017 1882 nec
1043 1842 1173 1904 semper
1202 1835 1286 1885 tere·

157 1910 315 1986 tiusculo,
337 1906 487 1972 molliore
510 1919 616 1966 tamen
641 1917 673 1964 et
694 1903 816 1965 laxiore
838 1905 923 1967 intus
946 1917 1095 1986 stuppeo,
1119 1919 1284 1990 stratoque

126 2049 128 2070 ,
156 1993 302 2055 corticali
326 1991 432 2074 fragili
453 1991 485 2050 in
512 1987 744 2072 speciminibus
765 1988 868 2069 planis
886 1987 1056 2062 lacunoso,
1083 1990 1218 2071 propius
1246 1991 1283 2052 ad

155 2076 377 2140 Ererniam
425 2073 642 2156 prunastri
692 2072 835 2146 accedit,
884 2092 946 2140 nec
986 2073 1217 2156 asperitatibus
1252 2087 1283 2138 et

56 2207 58 2216 Α
154 2160 284 2224 lineolis
307 2160 414 2220 citatis
436 2171 543 2221 notata
566 2171 625 2219 est.

317 2395 363 2446 so-
398 2396 630 2446 rnamenta
681 2395 1015 2442 cinnameus.
1050 2382 1069 2447 'r

237 2537 274 2596 P.
296 2533 395 2595 thallo
418 2533 601 2615 caespitoso
621 2540 732 2594 erecto
752 2530 892 2593 foliaceo
911 2552 930 2591 e
952 2529 1079 2592 laciniis
1104 2529 1285 2594 linearibus

154 2620 307 2704 utrinque
321 2619 462 2680 lactibus
479 2618 600 2700 glaucis
616 2617 760 2698 margine
779 2616 998 2698 integerrimis
1013 2615 1104 2696 apice
1121 2615 1285 2677 obtusius-

126 2733 139 2760 ·
152 2704 255 2777 culis,
278 2703 421 2764 scutellis
442 2700 721 2763 subterminalibus
740 2698 845 2783 planis
864 2699 1095 2783 immerginatis
1116 2699 1283 2782 adpressis

151 2788 364 2869 -subpeltatis,
389 2787 479 2848 disco
506 2787 663 2847 aurantio.
683 2802 687 2818 ¹

239 2872 374 2952 Species
393 2871 629 2952 elegantissima
648 2881 683 2928 ct
703 2867 956 2930 distinctissime.
1002 2866 1134 2930 Thallus
1157 2870 1288 2952 caespi·
1342 2903 1343 2946 t

152 2955 253 3016 tulum
275 2954 449 3016 efformans
470 2954 602 3016 uncialis
620 2953 691 3015 lere
710 2953 900 3025 altitudinis,
923 2973 940 3010 e
959 2964 1074 3013 centro
1093 2953 1128 3012 in
1146 2953 1286 3016 lacinias
1342 2961 1343 3038 J

151 3038 294 3112 divisus,
328 3038 449 3099 coloris
470 3037 574 3118 glauci
598 3037 795 3097 nitidissimi.
838 3037 990 3098 Laciniae
1009 3049 1157 3110 erectae,
1188 3039 1286 3099 stric-
1342 3053 1343 3112 l

151 3135 222 3194 tae,
246 3122 404 3194 lincares,
428 3121 557 3200 planae,
581 3135 691 3194 exacte
712 3121 862 3192 lineares,
883 3121 1037 3203 undique,
1057 3119 1086 3182 si
1109 3121 1284 3184 divisionis
1342 3169 1343 3190 ,

150 3207 221 3266 loca
236 3207 396 3288 excipias,
420 3205 567 3288 aequales
590 3205 759 3266 latitudine
786 3219 819 3266 et
838 3205 1003 3276 crassitie,
1026 3204 1129 3265 rarius
1153 3227 1280 3268 sursum

150 3289 284 3350 latiores
305 3290 514 3364 subconicae,
538 3288 737 3350 dichotomae
755 3289 855 3350 semel
874 3289 925 3349 vrl
941 3289 991 3349 bis
1009 3288 1151 3361 divisae,
1175 3292 1282 3350 rarius

151 3372 447 3447 subtrichotomae,
485 3372 561 3434 hinc
589 3375 665 3434 iude
736 3373 804 3435 uasi
834 3369 1071 3455 prolificatione
1105 3373 1215 3436 subito
1251 3374 1290 3434 in
1342 3381 1343 3412 ³

148 3459 259 3542 plures
286 3458 438 3520 lacinulas
464 3453 680 3520 cuneilormes
711 3395 832 3518 divisae
854 3477 972 3538 easque
998 3455 1134 3518 subinde
1161 3459 1290 3519 iterum

147 3539 328 3625 eodemque
353 3542 447 3604 modo
472 3542 611 3620 divisas3
642 3539 829 3625 superficies
851 3541 951 3602 laevis
970 3559 1031 3602 nec
1053 3540 1119 3602 nisi
1143 3541 1182 3602 sd
1209 3543 1289 3602 len-

148 3639 223 3687 tem
241 3625 368 3706 punctis
392 3625 549 3710 elongatis
571 3626 783 3690 albicantibus
805 3639 909 3688 notata
917 3645 927 3703 3
955 3644 1065 3706 margo
1089 3639 1292 3688 constanter

148 3710 380 3793 integerrimus
409 3723 540 3786 rectus,
571 3712 646 3774 hinc
675 3710 810 3772 laciniae
844 3709 873 3770 si
900 3708 993 3790 apice
1020 3708 1153 3770 latiores
1184 3725 1292 3784 sunt,

147 3794 386 3869 cuneisormes3
409 3795 516 3876 apices
534 3795 722 3856 laciniarum
738 3794 810 3855 fore
829 3811 956 3874 semper
973 3791 1149 3867 fructiferi,
1171 3795 1296 3857 rarius

148 3879 276 3940 steriles
307 3879 381 3963 (qui
407 3895 484 3950 vero
506 3879 632 3961 saepius
654 3877 859 3942 scutellarum
880 3877 972 3939 initia
994 3875 1118 3952 lerunt)
1154 3877 1294 3954 obtusi,
1339 3903 1342 3920 ·

146 3963 311 4025 rotundati
338 3975 372 4024 et
394 3964 565 4026 truncatuli
587 3961 638 4024 vel
661 3963 758 4026 etiam
779 3962 944 4022 attenuati.
986 3959 1148 4022 Scutellac
1170 3961 1297 4043 junio-

59 4066 61 4076 *
146 4067 199 4106 res
223 4049 413 4133 plerumque
439 4069 543 4130 prope
564 4049 709 4128 apicem,
738 4047 842 4108 rarius
867 4048 906 4106 ad
929 4045 1123 4127 marginem,
1147 4067 1296 4128 semper

146 4131 277 4214 quidem
296 4132 355 4194 bac
377 4145 481 4194 aetate
502 4131 534 4192 in
559 4132 659 4192 latere
679 4131 815 4192 laciniae
834 4131 928 4210 plano
949 4150 1010 4190 nec
1033 4129 1066 4189 in
1086 4129 1179 4210 apice
1200 4130 1295 4212 ipso

144 4216 280 4294 positae,
299 4216 375 4278 hinc
392 4235 464 4277 cunr
480 4215 606 4278 laciniis
620 4217 698 4296 ipsis
716 4215 908 4293 verticales3
926 4213 1050 4275 adultae
1064 4233 1185 4276 sursum
1203 4237 1296 4277 ver·
1341 4273 1342 4280 ,

146 4315 200 4358 sae
233 4299 333 4378 magis
368 4300 513 4368 minusve
549 4298 788 4376 boriao'ntales,
828 4319 883 4404 cx.
901 4299 994 4380 apice
1029 4296 1166 4360 laciniae
1202 4297 1295 4363 fere

1341 4437 1342 4460 t
