2688 4898
137 235 146 300 .'
238 267 300 342 pso
592 214 776 318 Ltcususs.
818 255 1003 315 cessonis.

245 413 364 524 ,‚gilis,
396 478 533 498 .......
551 435 719 512 tubercula
752 434 931 496 torminalia
970 433 1100 516 globosa
1128 455 1144 496 e
1177 437 1300 504 numerosis

244 520 491 605 „minutissimis
516 519 696 602 aggregatis
728 518 903 600 composita
935 517 1138 596 subrotupdis
1170 505 1311 600 euprepii-¹

182 615 213 662 Ἃ
246 608 318 684 „nis
342 605 485 677 suseis“,
515 623 597 687 quae
626 602 731 672 omnia
759 626 775 662 s
805 601 913 680 Clad.
936 616 1154 686 aggregata
1173 601 1299 676 Filulll.

244 710 452 784 gorgones
473 688 598 764 nostro)
619 686 717 768 longe
737 686 922 748 abhorrent.
945 722 987 733 -
1017 685 1227 748 Cledonisn
1243 688 1300 745 Cor·

243 773 490 836 niculariam
522 774 637 832 Lsur.
669 770 804 831 eandem
837 789 909 832 esse
942 768 1099 862 plentsm,
1139 790 1156 830 e
1183 769 1301 850 specimine

244 855 417 922 Siebeci
440 855 675 916 communicato
697 868 894 936 compertum
919 853 1091 932 hebenum
1112 873 1206 934 neque
1226 852 1299 911 dubio·

242 963 312 1003 mus
350 955 512 1003 auctorem
550 939 654 1018 ipsum
692 937 786 1014 (licet
818 938 850 998 id
881 937 902 996 l.
937 958 966 1000 c.
999 959 1063 999 non
1092 935 1215 1014 indicet)
1238 949 1299 1016 poste

243 1046 362 1088 nomen
392 1025 479 1084 istud
509 1021 638 1083 triviale
678 1021 918 1084 substantivum'
939 1034 973 1083 ut
1011 1021 1196 1083 eontrarium
1223 1017 1298 1102 placiti

243 1109 439 1170 Linnseanis
469 1106 657 1188 repudiasse
681 1117 713 1164 et
735 1106 1000 1187 novumspeoiei
1032 1125 1146 1178 nomeu
1174 1103 1218 1164 Cl.
1236 1115 1298 1162 tert·

150 1232 152 1245 ι
242 1191 388 1254 brutae
414 1192 627 1272 imposuisse,
659 1207 731 1248 cum
761 1189 793 1248 in
821 1189 1092 1252 commentatione
1117 1186 1312 1274 euticiae

210 1289 213 1296 ⁴
241 1295 332 1360 gram
366 1273 529 1336 lichenum
564 1272 731 1334 Sieberi
766 1274 996 1336 collectionem
1031 1270 1241 1350 descripserit,
1269 1285 1298 1327 ne

242 1360 304 1421 elia
326 1359 527 1422 Cladonia
557 1378 596 1418 eo
621 1358 696 1418 loco
718 1355 879 1439 descripta
910 1358 1082 1421 conveniat
1102 1376 1170 1417 oum
1191 1354 1234 1414 ills
1251 1371 1298 1433 quau

242 1443 333 1534 prius
363 1444 397 1507 in
420 1441 571 1503 herbario
602 1444 859 1520 Cenompsen
891 1439 1210 1514 Corniculsriam
1232 1453 1313 1522 nuncu-p

244 1540 369 1612 passet:
400 1527 556 1589 Miramur
576 1523 691 1586 exinde
716 1525 799 1586 Clar.
821 1521 1040 1588 Flerleum‘
1061 1525 1137 1586 bina
1155 1524 1209 1582 ists
1226 1518 1313 1610 noniurp

244 1613 286 1674 ed
317 1610 444 1692 species
473 1611 563 1670 binas
593 1609 761 1669 distinctus
795 1609 1044 1678 denominandae
1077 1605 1232 1676 adhibere,
1254 1601 1313 1678 cuju

242 1696 411 1778 utriusque
433 1693 610 1774 descriptio
629 1713 699 1778 cum
722 1707 830 1755 nostra
851 1693 1022 1769 convenit,
1053 1713 1148 1778 quam
1166 1703 1301 1770 utranret

156 1850 158 1859 y
242 1780 292 1842 Cl.
314 1779 362 1838 de
386 1780 541 1842 Martio
563 1778 597 1836 in
616 1777 752 1838 Brasilis
778 1778 930 1848 lectama
953 1779 999 1840 Cl.
1023 1779 1177 1839 Lauren
1195 1773 1242 1834 sibi
1257 1785 1298 1829 ctu·

241 1863 435 1940 munientem
465 1861 528 1932 sit,
557 1863 677 1924 Novam
703 1860 905 1923 Hollandiam
933 1885 1028 1934 vero,
1064 1863 1170 1928 locunt
1190 1853 1297 1918 nautam

242 1949 434 2008 Laurero
462 1945 655 2017 indicatum,
689 1965 754 2006 non
782 1960 947 2007 memoret.
989 1947 1054 2007 Hic
1085 1965 1176 2008 error
1199 1938 1314 2018 subjecto*

241 2030 393 2108 uidetur3'
408 2049 468 2090 nee
488 2028 705 2090 differentiam
723 2029 937 2120 perspicimus
955 2031 1159 2096 essentialem
1175 2028 1243 2090 inter
1254 2021 1299 2080 linu

244 2115 371 2195 speeies
390 2112 443 2176 Cl.
467 2113 644 2174 Fldrltei
666 2113 731 2174 nisi
754 2114 841 2198 quod
867 2115 923 2176 Cl.
945 2115 1158 2178 terebrata
1182 2101 1301 2180 sunnis

243 2198 423 2280 specimina
450 2210 569 2258 tanturn
596 2197 698 2258 fracte
724 2211 757 2259 et
783 2198 925 2259 mutilata
955 2199 1076 2261 vidisse
1105 2193 1218 2266 refert,
1240 2187 1300 2250 colore

244 2296 277 2344 et
311 2282 530 2365 magnitudine
567 2301 638 2343 cum
666 2282 898 2364 speciminibus
927 2274 1046 2344 nostris
1081 2275 1254 2346 fructiferis,
1274 2267 1301 2328 ll·

244 2366 536 2430 Corniculeria
566 2365 688 2444 ejusd,
723 2366 812 2447 cujus
840 2368 1008 2448 apothecis
1035 2389 1102 2428 non
1139 2363 1297 2433 viditsutltt

243 2470 317 2524 cum
343 2450 507 2512 sterilibus
532 2451 650 2512 nostris
674 2449 775 2532 magis
802 2453 1013 2527 conveniant,
1048 2472 1129 2534 quas
1157 2465 1226 2512 vero
1244 2436 1315 2526 llll}

166 2537 172 2548 “
243 2534 277 2595 in
305 2556 367 2597 uno
395 2533 573 2616 eodemque
599 2535 741 2614 caespite
772 2536 978 2607 commixtas,
1016 2555 1079 2596 nee
1109 2533 1200 2596 aliam
1225 2527 1315 2590 lomtml

244 2617 372 2700 ssfiuem
398 2618 433 2710 iu
453 2619 606 2682 herbario
627 2619 709 2681 Clar.
734 2617 780 2680 de
803 2620 946 2681 Martii
971 2619 1163 2702 invenimus,

1314 2695 1315 2728 l

360 2777 376 2810 Α

459 2871 478 2934 †
510 2871 684 2953 Species
718 2871 923 2936 sectionis
955 2871 1161 2946 incertas,

448 3055 489 3106 12.
523 3063 748 3126 cessoris
800 3064 1166 3113 cessrorssrnns.

372 3195 420 3258 Cl.
451 3197 543 3259 thalli
575 3199 699 3264 foliolis
729 3200 911 3284 insignibus
940 3193 1239 3264 lacinisto·lobstis
1260 3197 1304 3260 isto

243 3276 363 3373 pallide
383 3281 634 3376 pirescentibus,
665 3283 749 3346 lobis
771 3287 1039 3348 adscendentibus
1061 3265 1307 3360 dentato-uult·

243 3373 286 3422 trs
308 3364 459 3445 crispulis
482 3365 681 3444 subeiliatis,
714 3371 856 3451 podetiis
879 3371 1027 3434 omnibus
1050 3366 1217 3435 sterilibus
1236 3347 1307 3445 gracile

242 3443 302 3526 bue
323 3464 454 3512 curvato
465 3485 478 3499 ·
489 3453 655 3514 subsistis.

326 3563 449 3626 Lichen
487 3567 742 3652 ceratophyllut,
788 3571 937 3647 Swarez,
978 3565 1030 3631 H.
1064 3566 1140 3632 Incl.
1161 3558 1260 3634 ,occid
1279 3520 1315 3612 Hp

364 3669 397 3728 p.
427 3673 436 3710 ι
468 3672 479 3709 ι
507 3695 515 3712 .

325 3667 507 3845 Cenomicii
551 3767 785 3849 ceratophyila,
832 3759 918 3830 Act.
962 3763 1166 3847 Licheirogr.
1209 3757 1301 3838 unic}

365 3847 440 3910 533.
476 3883 517 3898 -·
557 3849 673 3922 Eiusd.
705 3848 786 3936 Syn.
822 3875 856 3936 p.
887 3873 957 3932 279.
992 3892 1033 3906 -
1085 3855 1232 3925 timore,
1263 3835 1315 3918 lii,

367 3932 498 4014 omerio.
528 3934 594 3998 tab.
622 3937 667 3996 16.
699 3952 748 3985 -*
782 3933 914 3999 Hoolter
933 3938 966 4000 in
989 3935 1123 4016 liuntls,
1162 3919 1315 4020 sweep

349 4016 441 4108 'orbi
460 4018 553 4096 novi,
579 4017 687 4118 p331·
891 4068 899 4077 .
1313 4023 1315 4062 t

323 4132 454 4197 Thallus
474 4155 624 4217 mugnus,
648 4136 899 4217 caespitulosus,
923 4138 1066 4202 tenuiter
1083 4083 1315 4204 follsceuslll1

241 4213 340 4275 laevis
369 4209 489 4296 pallide
516 4222 644 4292 virens,
679 4220 761 4282 infre
784 4215 915 4296 niveus,
948 4221 1071 4286 foliolis
1093 4217 1247 4304 elongetis
1265 4217 1312 4290 wlff·

244 4296 452 4374 pollicaribus
472 4323 566 4363 unem
587 4302 626 4363 sd
645 4302 722 4367 duas
745 4305 847 4369 lineus
868 4307 940 4370 lstis
959 4305 1123 4390 profunde
1144 4301 1255 4374 incisis,
1271 4283 1315 4354 ill*
