2656 4902
164 299 227 368 174
264 275 270 280 ⁵
505 293 690 356 chuunus.
712 280 977 355 mauritanis

13 515 19 542 ι
162 479 366 561 aliorumque
383 492 540 559 generum
552 465 656 558 aequo
670 473 766 536 medo
778 471 880 556 tapint
896 474 1048 538 immersa
1065 491 1153 540 sunt.
1196 474 1311 541 Pluri··

116 607 121 620 ,
161 584 249 625 mum
267 561 365 622 distat
380 584 400 622 a
414 559 641 624 veritate'eal.
662 558 1044 642 Walrlenbergins
1077 564 1121 641 (l.
1155 566 1223 637 e.),
1256 566 1311 648 qui

119 697 121 704 ,
160 648 228 712 veli
261 646 392 708 residua
422 643 681 730 pro'perithecii
703 643 833 704 *interni
865 645 963 723 (mox
993 646 1107 726 citati)
1159 649 1311 730 disrupti

162 731 307 814 margine
322 730 461 806 habens,
485 727 769 790 Thelotrema
792 727 1032 807 lepadirium
1054 750 1126 791 eum
1144 733 1314 794 Porina

161 830 333 900 pertusa
355 815 507 897 copulat,
531 813 661 874 easdem
678 813 732 871 vix
753 814 865 893 specie
883 812 1026 874 diversas
1046 829 1167 877 censet.

246 901 461 982 Dignoseitur
486 898 602 960 exinde
633 915 732 978 genus
765 919 782 957 a
810 897 1080 978 praecedentibus
1110 903 1314 980 praesertim

161 985 336 1070 apothecis
358 985 543 1068 discigero‚
568 982 716 1062 excipulo
733 981 890 1064 singulari
918 997 951 1045 et
976 983 1152 1064 peritbecii
1190 989 1312 1050 occulti

161 1071 392 1147 immersione,
415 1091 432 1130 a
454 1065 666 1150 sequentibui
684 1067 860 1148 praecipue
885 1081 1037 1149 apertura
1064 1084 1208 1152 angusta
1229 1074 1308 1134 vela·

138 1213 141 1221 ,
160 1170 211 1233 ta3
233 1156 311 1216 licet
326 1173 366 1215 eo
382 1153 478 1214 modo
490 1150 671 1231 excipulnm
689 1171 790 1232 supra
802 1150 937 1211 thallum
952 1153 1085 1234 saepius
1102 1154 1156 1216 vix
1189 1159 1305 1238 promi·

159 1259 241 1300 nens
272 1258 333 1300 nec
358 1257 494 1320 unquam
512 1234 580 1296 basi
607 1235 771 1316 angustius
790 1236 898 1316 petius
913 1236 1008 1297 latius
1042 1237 1095 1308 sit,
1117 1239 1237 1301 diacus
1265 1262 1307 1302 ex-

160 1324 237 1385 inde
262 1323 296 1384 in
329 1322 476 1404 plurimis
510 1318 606 1380 oculo
633 1318 720 1380 nude
744 1331 932 1386 constanter
953 1317 1061 1394 lateat,
1085 1341 1124 1382 ex
1149 1338 1312 1404 apertura

159 1422 267 1471 tamen
279 1405 424 1488 regulari
441 1403 620 1485 excipulum
636 1399 920 1490 gognoscendum,
941 1425 1110 1490 genusque
1136 1423 1311 1491 quantum-

157 1493 208 1555 vis
238 1491 423 1574 ambiguum
451 1487 694 1571 interioresque
722 1485 871 1551 reserens
900 1487 1040 1566 fortnas,
1074 1489 1173 1570 hujus
1201 1507 1311 1554 tamen

147 1577 292 1639 *omnino
314 1576 416 1636 tribus
437 1575 507 1650 ἄεις
531 1573 627 1634 etiam
644 1575 678 1632 in
701 1572 816 1634 adultis
843 1586 994 1654 apertura
1021 1574 1150 1656 saepius
1173 1579 1313 1639 omnino

74 1645 77 1666 i
159 1660 291 1724 dilatata
320 1661 446 1722 discum
473 1657 686 1718 rubicundum
725 1655 779 1718 vel
808 1655 938 1739 nigrum
978 1657 1121 1739 prodens
1158 1659 1313 1724 habitum

157 1747 276 1808 Parm
289 1743 402 1804 eliae
424 1742 606 1824 perlectum
620 1739 736 1805 induit.
780 1741 930 1815 Colorem
949 1759 1027 1805 rere
1048 1742 1146 1805 istum
1173 1745 1265 1809 disci
1282 1749 1315 1807 in

158 1829 331 1911 speciebus
354 1825 588 1908 distinguendis
611 1825 823 1908 negleximus,
852 1845 925 1886 cum
947 1839 1052 1888 aetate
1084 1827 1225 1910 juniore
1251 1853 1315 1893 nou

158 1911 430 1995 conspiciendus,
470 1909 631 1972 adultiore
665 1909 771 1973 varius
817 1909 919 1993 magis
950 1911 1098 1978 minuare
1135 1913 1316 2000 nigricans

157 2011 323 2082 appareat.

107 727 112 756 l

370 2215 394 2265 1.
423 2215 740 2268 runuornnun
790 2215 1040 2264 occurren.
1074 2206 1093 2272 †

134 2407 137 2414 l
242 2359 303 2419 Tb.
327 2337 748 2418 crustasubmenibranacea
763 2350 1125 2428 albida-eirreraacente,
1151 2357 1318 2443 excipulo

122 2463 124 2470 ’
155 2440 424 2537 vix‘prominulm
447 2453 595 2521 apertura
621 2436 864 2520 angustissima,
896 2437 1080 2519 perithecio
1102 2441 1246 2506 laterali
1271 2459 1318 2508 te·

155 2529 314 2591 nuissimo
333 2537 466 2586 stratum
482 2522 686 2606 preligerum
707 2541 881 2583 concavum
902 2523 1068 2606 cingente.

240 2635 372 2707 Thallus
390 2652 576 2703 erustaceus
599 2639 685 2700 idem
706 2638 761 2721 qui
784 2637 907 2720 spetiei
938 2637 1074 2700 confinis
1099 2653 1204 2722 snpra
1240 2646 1316 2708 des-

158 2731 293 2814 criptus,
317 2726 382 2788 nisi
406 2724 494 2806 quod
518 2724 687 2784 obscurius
710 2723 875 2783 coloratus
897 2722 939 2782 sit
961 2735 994 2784 et
1018 2724 1316 2813 subaquapurpu-

61 2876 64 2886 ,
154 2833 285 2878 nascens
309 2813 435 2884 evadat,
459 2808 546 2893 quod
567 2809 601 2867 in
624 2804 744 2871 confini
764 2827 829 2868 non
851 2807 988 2868 obtinet.
1033 2811 1189 2890 Excipuli
1217 2835 1318 2896 aper·

153 2889 232 2961 tura
257 2897 311 2959 vix
341 2895 406 2954 nisi
440 2893 536 2954 lentis
568 2911 631 2972 ope
665 2893 863 2973 detegenda,
912 2905 1024 2953 exacte
1069 2914 1147 2956 vero
1191 2913 1320 2961 rotun·

154 2983 205 3057 da,
229 2981 263 3041 in
283 2977 464 3062 junioribus
487 2977 599 3037 velata.
643 2976 858 3057 Apotheciurn
871 2976 1048 3052 occlusum,
1064 2990 1324 3046 truncato-eo«

95 3099 96 3107 κ
153 3067 272 3132 ninum,
294 3062 384 3123 disco
408 3073 595 3123 constanter
617 3079 769 3121 concavo.
814 3061 943 3122 Therae
966 3062 1116 3137 satiatae,
1149 3083 1249 3148 quae
1275 3071 1323 3132 vi.

154 3153 283 3222 dentur,
306 3145 550 3218 minutissimae,
574 3139 842 3224 subcylindrieee‚
874 3143 893 3206 3
916 3177 930 3194 ·
956 3145 1011 3208 'vel
1028 3159 1054 3220 a
1076 3181 1091 3195 ·
1121 3153 1322 3216 annulatae.

154 3234 239 3317 (Cir.
255 3234 361 3296 adnot.
385 3228 600 3312 Graphidi
623 3228 934 3292 anfractuosae
957 3229 1173 3314 subjunctam,
1186 3256 1230 3319 p.
1247 3241 1322 3320 86.)

240 3347 363 3414 Crescit
390 3346 423 3407 in
448 3343 568 3408 cortice
595 3343 751 3412 arborum
770 3341 1003 3424 frondosarum
1022 3369 1128 3430 prope
1165 3347 1321 3434 Caite'te,

154 3457 228 3500 eum
252 3432 417 3518 Graphide
437 3425 664 3512 anfractuosa,
687 3429 781 3513 cujus
802 3429 974 3515 apothecia
1002 3431 1128 3516 passim
1157 3432 1195 3496 in
1220 3439 1320 3521 prio.

154 3521 203 3586 rie
223 3529 334 3584 crusta
357 3517 501 3601 dispersa
523 3525 609 3591 aaut.
1319 3577 1320 3623 1

214 3727 223 3768 ⁸
401 3733 428 3784 2·
456 3739 777 3788 runnornnua
825 3741 1003 3790 remon.
1032 3732 1054 3798 ’ς
1088 3745 1092 3754 ’

208 3901 210 3909 ⁴
237 3880 299 3944 rh.
322 3891 431 3942 crusta
454 3879 622 3941 subaerata
645 3876 749 3940 effusa
771 3877 1123 3961 viridiqpelleseente,
1149 3809 1318 4052 excipis}

153 3968 208 4034 vix
227 3964 425 4052 prominulo‚
450 3978 603 4046 apertura
622 3963 744 4024 minuta
765 3963 944 4040 albicante,
967 3963 1153 4047 peritbeaio
1173 3965 1283 4038 later

154 4070 229 4114 eum
251 4050 377 4115 cortice
398 4061 589 4132 assurgente
611 4061 761 4111 connato.

219 4227 220 4232 ,
239 4167 370 4232 Thallus
392 4180 577 4229 crustaceus
598 4163 676 4228 latas
698 4165 808 4249 plagas
831 4165 1008 4252 obtegens,
1049 4165 1316 4240 crassiuseulud

155 4253 354 4396 cogitabilis,
387 4251 640 4350 sublaevigatus,
669 4250 861 4350 tenuissime
881 4251 1056 4353 regulosus
1077 4273 1143 4354 nec
1162 4251 1315 4424 ιίῑὶᾷὲ

154 4337 209 4418 pel
222 4335 275 4398 ide
296 4348 501 4420 pertractent.
542 4333 696 4420 Excrpuls
718 4348 869 4419 apertura
894 4337 1150 4430 pumttlermts,
1178 4338 1269 4406 elba
