2760 4922
440 413 567 478 haas.
611 409 803 478 cacanus.
1150 421 1207 498 20,

57 611 88 662 ut
104 619 169 662 nec
182 595 280 682 hujus
299 593 333 657 in
353 595 564 680 sporauginm
582 594 878 677 metamorphosin,
911 615 974 660 nee
991 599 1136 681 ipsorum
1158 603 1193 666 in

54 685 270 767 gongylorum
291 679 549 754 articulaturum,
571 679 682 764 quales
703 679 1124 764 sporangiaCltondriarum
1142 688 1192 748 in·

55 770 207 839 cludunt,
249 763 515 828 coadunationem
537 778 811 910 consepnuturam
833 785 906 827 esse
928 770 1090 864 possimus
1111 770 1210 832 imu-¹

55 852 173 934 ginari.
216 849 312 912 Licet
327 849 413 910 enim
431 849 539 911 varios
559 850 627 912 itte
657 849 821 912 armandis
838 848 1099 918 l'ructtllcationis
1118 875 1191 937 pat·-

54 938 141 998 tibus
164 933 280 996 modos
304 946 416 994 natura
439 933 667 1015 amplectatur,
708 934 741 992 in
765 955 804 993 en
831 949 934 994 tamen
958 935 1019 996 sibi
1051 952 1189 1014 constat,

55 1035 89 1082 ut
109 1019 159 1081 nil
178 1018 294 1091 faciat,
326 1017 415 1101 quod
435 1017 475 1078 ab
496 1017 657 1078 universis
678 1017 808 1102 sibique
827 1017 961 1080 sancitis
983 1019 1109 1104 legibus
1135 1024 1191 1086 ab·

54 1105 201 1166 horreat.
255 1107 303 1164 lta
325 1103 425 1185 igitur
446 1100 559 1164 eadem
583 1101 675 1184 lege,
721 1101 837 1186 quein
861 1118 948 1162 cctta
971 1103 1079 1187 planta
1101 1127 1190 1190 gem·

55 1209 137 1252 mam
159 1204 253 1250 mera
271 1185 468 1260 sublimant,
506 1185 680 1252 dummodo
696 1184 759 1266 jam
778 1184 857 1248 lolia
880 1189 1094 1266 praeformata
1112 1193 1190 1267 sint,

56 1273 90 1340 in
109 1291 271 1356 gemmam
291 1267 471 1333 llolileram
495 1291 659 1370 nunquam
689 1270 805 1332 mutari
833 1271 998 1346 ridemus,
1038 1259 1204 1356 Algarutn¹

58 1377 184 1441 quoqne
210 1354 369 1438 gongylos
388 1375 404 1416 s
428 1374 540 1416 orasve
559 1354 726 1436 simplices
743 1353 842 1416 tlaallo
858 1355 1038 1438 inspersas,
1062 1358 1096 1420 in
1116 1381 1192 1442 spo·

57 1443 164 1525 rangia
187 1440 339 1524 gongylis
360 1375 481 1500 rellsrta
507 1437 597 1500 abire
627 1434 746 1501 nullibi
770 1438 988 1502 observamus.
1043 1443 1191 1537 Quodsi

56 1528 125 1611 quis
154 1539 286 1596 tamen,
340 1523 416 1583 dum
447 1521 731 1584 fructificationem
769 1523 943 1586 secuudum
973 1527 1189 1609 vegetationis
1300 1529 1303 1536 '

55 1611 143 1695 qussi
172 1627 348 1690 repressae
371 1607 465 1690 ,leges
487 1608 682 1689 explicaret,
725 1619 869 1669 naturum
891 1607 1006 1670 endem
1034 1611 1133 1674 modo
1156 1613 1192 1674 in

55 1693 237 1776 sporangiis
266 1709 302 1752 ac
329 1691 363 1751 in
390 1691 538 1774 gongylis
566 1692 659 1752 nudis
683 1689 894 1754 efformandis
914 1713 1013 1774 agere
1035 1695 1190 1777 perbibe-

52 1793 122 1854 ret,
145 1799 164 1838 a
183 1791 296 1838 nostra
315 1776 475 1836 sententia
493 1775 577 1836 band
598 1777 781 1838 recederet.
842 1777 879 1838 ld
897 1793 1022 1852 autem,
1057 1779 1105 1840 uti
1127 1778 1191 1860 jam

52 1865 84 1925 in
103 1863 221 1945 priore
241 1859 470 1922 observatione
487 1859 685 1933 monuimus,
709 1861 889 1922 nniversam
910 1861 1061 1962 ⁴ligarum
1080 1877 1191 1927 notam

50 1948 212 2032 praebere
241 1944 391 2017 videtur,
424 1943 512 2029 quod
541 1943 705 2028 quaelibet
728 1963 840 2006 rurum
859 1963 934 2026 pars
956 1967 991 2008 tn
1015 1967 1191 2034 corpuscu-

50 2033 113 2095 lum
132 2029 366 2114 propagationi
384 2027 567 2092 inserviam
589 2028 682 2090 abire
701 2031 817 2110 possit.
879 2109 883 2124 .

286 2169 310 2218 l·
359 2170 600 2218 cnontnttta
633 2127 956 2218 PIHA'Pss'IlssA·

132 2279 170 2341 G.
194 2273 315 2338 fronde
335 2291 522 2356 compressa
538 2293 684 2350 ramosa,
718 2273 817 2336 ramis
837 2273 1032 2338 subalternis
1049 2295 1184 2362 compo·

41 2355 362 2444 ‚sito-pinnatilidis‚
394 2358 527 2420 ramulis
546 2357 671 2423 obtusis
692 2357 841 2432 callosis,
873 2359 1056 2445 sporangiis
1074 2375 1186 2432 ovato-

48 2443 194 2530 5lnbosis
214 2442 402 2506 lateralibus
421 2441 456 2503 in
474 2441 618 2504 ramulis.
956 2439 962 2456 ⁴
1043 2473 1048 2482 ·

129 2552 203 2638 Ag.
226 2543 320 2633 Spec'.
336 2543 366 2610 1.
388 2547 459 2618 ³37.
494 2543 670 2631 Syst.uot.
700 2543 781 2631 Esp.
801 2556 826 2610 t.
849 2545 919 2613 132.
966 2543 1070 2615 Turn.
1100 2545 1187 2616 Hirr.

172 2646 201 2698 t.
221 2655 275 2697 ao.
295 2629 400 2716 Engl.
415 2627 495 2698 But.
513 2641 537 2694 t.
560 2652 651 2698 teon.
806 2640 810 2648 ’

127 2744 252 2810 Basis
281 2759 397 2822 parra,
436 2737 613 2804 discnidea.
675 2735 1016 2818 Frondesplures,
1054 2751 1122 2802 tres
1147 2739 1188 2810 st

56 2843 123 2890 octo
141 2825 285 2911 pollices
303 2824 404 2897 ultae,
428 2826 648 2907 camphorae,
679 2839 904 2902 compressae,
935 2820 1187 2910 lusco-purpu-

50 2927 227 2987 rascentes,
253 2909 343 2971 vario
360 2908 457 2970 modo
473 2907 575 2971 bi·vel
597 2903 862 2990 tripinnutilitlae‚
883 2907 1009 2969 ramis
1029 2909 1187 2972 subalter-

46 2998 112 3074 nis,
141 2993 282 3059 ramulis
307 2992 431 3053 ultimis
456 2993 610 3056 breuibus
635 2989 827 3054 rotundatis.
887 2990 1123 3078 Sporangia
1149 2995 1186 3056 in

45 3082 165 3144 ultimis
187 3077 320 3142 ramulis
341 3074 478 3153 sensilia,
495 3073 779 3159 ovato-globosa,
810 3075 1033 3156 magnitudine
1051 3078 1185 3140 seminis

43 3167 237 3250 Papaveris,
278 3159 417 3244 pallida,
455 3161 683 3246 subdiaphana.
746 3159 905 3242 Sporus
942 3179 1004 3242 per
1034 3161 1186 3233 frondem

46 3270 187 3334 sparsae,
209 3248 333 3308 fuscae.
1202 3243 1214 3256 ‘'

120 3353 164 3418 In
182 3352 293 3416 insula
303 3346 583 3436 Marugnaniensi
601 3349 687 3412 inter
703 3348 934 3428 rejectumcntn
947 3345 1071 3410 Oceani
1086 3347 1182 3414 lectu.

340 3493 367 3542 n.
402 3467 646 3540 cnounnn'
680 3491 869 3538 carust.
949 3489 951 3496 ·

117 3586 143 3647 G
171 3581 292 3644 fronde
312 3581 409 3644 tereti
431 3580 582 3642 lililnrmi
603 3576 727 3660 pluries
744 3579 885 3661 pinnata,
908 3581 1006 3643 ramis
1018 3579 1184 3664 suboppr-

45 3667 133 3742 sitis,
178 3665 315 3728 ramulis
336 3664 522 3746 cylindricis
541 3663 697 3724 truncatis
717 3663 967 3727 horizontalitsr
985 3663 1181 3748 patentibus,

45 3751 232 3836 sporangiis
256 3751 360 3812 oratis
380 3747 566 3810 lateralibus
586 3750 618 3808 in
637 3747 781 3809 ramulis.

116 3857 191 3942 Ag.
219 3852 312 3938 Spec.
329 3852 359 3918 I.
386 3855 459 3932 340.
492 3849 670 3938 Syrbane.
709 3849 812 3916 Turn.
836 3862 861 3915 l.
880 3869 931 3914 nt.
971 3849 1075 3942 Engl.
1100 3850 1178 3916 But.

163 3952 190 4002 t.
214 3961 303 4004 taos.

116 4048 242 4110 Basia
259 4046 396 4119 callosa,
430 4043 592 4107 interdum
607 4062 738 4124 repens.
759 4042 965 4134 ¹Frontles
986 4043 1179 4130 plerumque

36 4132 171 4213 plnres,
214 4147 281 4194 tres
309 4133 350 4192 acl
380 4151 436 4192 sex
462 4129 599 4214 pollices
627 4130 760 4212 longae,
803 4125 1179 4206 carneo-llarescentes,

36 4231 278 4279 marcescentes
294 4213 438 4292 albidas,
466 4213 622 4275 rubentes
638 4225 840 4286 astruisse,
869 4211 1058 4285 biformes,
1092 4225 1179 4277 tere·

34 4313 101 4374 tes,
147 4321 287 4384 superae
305 4313 360 4361 aut
379 4297 484 4360 rarius
508 4299 571 4380 jam
589 4299 658 4380 ipsa
674 4296 745 4359 basi
764 4297 799 4358 in
820 4291 927 4358 ramos
945 4295 1179 4381 subopposit'os

35 4383 179 4458 divisae,
202 4385 380 4446 substantia
399 4381 841 4466 gelatincso·cartilsginea,
864 4380 1020 4443 lubricae.
1063 4383 1177 4446 Rami

36 4469 157 4531 iterum
174 4469 392 4551 subpinnatim
412 4469 581 4540 innatast,
605 4468 736 4528 ramulis
754 4485 868 4530 versus
887 4465 1087 4530 summitates
1108 4468 1176 4528 ire·

37 4555 265 4635 quentioribus
287 4552 491 4618 brevissimis
514 4551 699 4632 cylindricis
721 4550 877 4614 truncatis
895 4550 947 4615 rel
969 4550 1179 4620 subclamtis„
