2688 4898
277 329 280 340 Ι
360 257 763 324 brenemensem.
865 318 873 336 ,
1062 266 1126 332 277

293 434 440 492 aeccle
465 437 502 490 V.
538 437 862 505 ccanorottt.†

86 568 251 636 Cladoniae
272 555 493 644 lenticulosa,
515 576 553 634 B.
577 575 679 637 latere
701 569 892 647 terebratae,
919 565 990 632 Flls.
1010 591 1122 634 comm.
1214 578 1225 588 “

120 673 214 714 noea.
240 674 274 732 p.
308 675 374 732 ¹79·

89 769 307 850 Cenomycetis
331 770 546 848 Pycnotlseles
566 769 651 832 Aes.
674 767 757 852 Syn.
781 765 816 852 pl
840 771 910 845 edd.
943 789 1032 854 spec.

89 885 316 966 Pycnotbeliae
339 877 476 970 Dnsbur·
496 883 518 946 l.
537 907 564 946 c.
591 899 625 948 et
651 881 712 946 Fe'e
736 884 757 946 l.
779 905 807 946 c.
830 905 918 970 spec.
1050 861 1053 870 Ι
1114 959 1119 974 ⁸
1145 977 1179 1016 a

98 1017 288 1088 Thallus
315 1017 500 1088 evanidus.
536 1018 690 1090 Podetia
714 1020 838 1092 omnia
858 1035 1044 1091 attenuata
1063 1045 1122 1091 su·
1195 1045 1199 1058 ·

21 1115 141 1282 boletos,
179 1139 347 1230 ramosa,
377 1113 491 1186 latere
515 1117 699 1190 terebrata
707 1168 718 1202 ,
744 1117 861 1190 axillis
883 1115 1123 1216 apicibusque

22 1239 114 1310 nuper
131 1231 258 1286 orattS.

94 1341 348 1442 Apothecia
373 1341 531 1425 minute,
559 1341 760 1442 (juniora‘l)
785 1343 1013 1418 discisonnia
1033 1368 1122 1415 con·

22 1465 90 1510 sare
112 1438 395 1536 submerginata.

83 1570 224 1630 Adnot.
266 1568 368 1630 Rinae
396 1566 435 1629 sd
455 1567 537 1628 banc
559 1569 737 1631 sectionem
763 1569 929 1654 bucusque
956 1573 1122 1652 pertinent

21 1653 143 1732 specim:
168 1649 364 1716 Clsdonia
393 1653 575 1731 retipora
598 1665 632 1712 et
655 1653 782 1734 species
804 1675 876 1716 mox
898 1643 1120 1720 describenda.

85 1757 230 1820 Thallum
251 1757 346 1839 hujus
367 1758 492 1841 speciei
510 1759 701 1842 posterioris
719 1779 816 1822 nemo
836 1759 933 1836 vidit,
955 1763 990 1826 ni
1012 1763 1119 1825 Cled.

19 1841 296 1924 stratophylla
326 1842 372 1917 (a.
404 1840 505 1918 inira)
535 1843 574 1904 ad
605 1859 746 1905 nostram
771 1845 941 1926 pertineat.
995 1847 1120 1910 Prior-is
1218 1913 1221 1921 ,

18 1927 117 2005 speciei
126 1927 261 1988 thallum
272 1928 395 1989 Auctor
416 1927 463 1988 cl.
481 1925 791 1991 Labillardiire
809 1929 982 2012 descripsit
998 1944 1121 1994 crusta·

21 2029 89 2068 ceun
101 2009 243 2093 granulis
275 2031 483 2092 conspersum
513 2011 623 2072 nitidis
646 2011 818 2074 albissimis
846 2035 920 2078 mox
940 2015 1121 2077 erasnidum.
1177 2015 1183 2049 ¹

22 2093 181 2174 Sperinins
206 2094 378 2156 bioneialia
402 2116 420 2157 e
442 2095 636 2157 collectione
661 2098 708 2158 cl.
723 2096 890 2160 Sieberi
912 2119 929 2160 a
949 2099 997 2162 ct.
1020 2102 1121 2162 Lau·

19 2177 154 2242 rerbsic
177 2179 302 2258 speciei
327 2179 489 2260 adscripto
509 2180 657 2240 nonnihil
680 2181 837 2244 recedunt
858 2205 876 2244 a
898 2181 1120 2265 descriptione
1183 2184 1188 2206 “

14 2260 310 2338 Labillsrdieris
338 2262 409 2324 alba
434 2263 520 2322 eninr
547 2263 599 2325 rix
623 2284 735 2324 versus
762 2265 887 2346 apicem
914 2267 1033 2348 pallide
1057 2268 1121 2328 sul·

12 2347 122 2424 phurea'
140 2360 217 2410 sont
251 2345 396 2428 pedena,
419 2367 480 2408 nec
504 2345 543 2407 sb
565 2347 660 2408 initio
694 2350 835 2430 „pallide
863 2351 1035 2432 sulphurea
1065 2352 1122 2413 de·
1218 2351 1224 2374 ¹

11 2449 78 2491 nun
109 2433 344 2494 subeastanes“
375 2430 462 2516 quod
498 2430 638 2512 speciei·
655 2453 731 2493 mox
758 2433 990 2498 describendae
1019 2435 1120 2516 magis

10 2517 167 2591 convenit,
197 2515 279 2576 baec
304 2535 381 2578 vcro
403 2515 474 2576 eliis
496 2516 603 2580 multis
624 2516 721 2600 longe
742 2517 875 2579 recedit.
932 2520 979 2581 cl.
998 2519 1120 2582 Acha-

11 2599 83 2658 rias
106 2601 249 2684 plantem
276 2597 579 2661 laabillardieri
607 2613 697 2662 certe
718 2621 783 2662 non
810 2600 910 2676 vidit,
942 2601 1120 2682 descriptio

11 2684 76 2742 enim
106 2705 208 2769 qaam
240 2681 327 2744 dedit
364 2685 397 2746 in
427 2683 556 2762 synopsi
589 2691 645 2744 sui
677 2683 717 2744 ad
748 2683 881 2746 verbum
915 2683 954 2746 ab
986 2699 1119 2750 auctore
1234 2742 1238 2748 .

11 2771 202 2850 ‚rsnsscripta
242 2779 302 2832 est.
335 2769 382 2830 Cl.
415 2767 617 2830 Fldrlteus
658 2767 802 2850 speciem
833 2766 963 2852 quidem
1001 2768 1119 2832 siccam

11 2849 107 2914 vidisse
147 2852 209 2924 ait,
252 2851 462 2918 collectorem
491 2871 569 2913 vero
600 2850 657 2935 qui
691 2851 855 2931 specimen
890 2851 1022 2915 tradidit
1054 2875 1119 2915 non

11 2949 149 2998 renovat
172 2947 205 2996 et
233 2933 447 3018 descriptioni
470 2955 545 2996 suae
566 2937 664 2998 verba
695 2936 994 3004 Labillardieri
1032 2956 1119 2999 com-

12 3019 162 3082 oiscuisse
186 3018 321 3092 videtur,
344 3033 378 3081 ut
397 3021 555 3092 nesciant,
570 3042 625 3104 „sn
648 3019 785 3099 plantam
804 3034 933 3082 nostrae
956 3021 1119 3082 Sieberia-
1183 3061 1191 3072 ι

11 3125 46 3162 ee
77 3105 223 3165 similent
255 3095 376 3166 'videris
409 3123 470 3166 nec
501 3124 577 3164 non.
624 3105 703 3164 Pori
732 3125 814 3188 quos
848 3104 1053 3166 Fldrlteus
1086 3105 1121 3166 in

11 3189 132 3257 rodetiis
175 3185 387 3256 crassioribus
419 3188 568 3253 crassitie
603 3201 692 3250 setae
725 3188 839 3249 suillae
875 3202 907 3254 et
947 3187 1120 3272 ampliores

11 3269 74 3346 licit,
99 3275 141 3336 in
161 3272 283 3334 nostris
306 3291 386 3355 quae
405 3271 531 3354 juniora
553 3270 713 3346 videntur,
735 3272 852 3334 lineam
874 3271 945 3334 lere
964 3274 1121 3336 diametro

11 3353 102 3419 tabent
143 3369 176 3416 et
205 3357 334 3418 nonnisl
369 3377 479 3418 versus
511 3355 620 3436 apices
652 3357 794 3417 minores
825 3371 904 3417 sunt.
955 3357 1058 3452 Quale
1086 3357 1122 3419 id

11 3459 111 3524 unque
141 3452 211 3512 est,
243 3441 382 3522 plantam
403 3439 705 3502 Labillardieri
732 3461 749 3500 a
772 3439 881 3522 specie
904 3460 977 3501 mox
1000 3441 1121 3502 descri-

11 3525 82 3587 enda
119 3523 251 3584 diversa
281 3539 347 3598 est,
387 3544 524 3610 quacum
554 3523 659 3584 nullus
690 3523 901 3584 commntavit
935 3523 998 3584 nisi
1034 3525 1121 3587 Clar.
1156 3549 1161 3560 ’

19 3604 78 3682 e'e,
128 3609 187 3692 qui
219 3623 360 3669 nostram
392 3608 525 3671 nomine
557 3607 861 3686 Pycnotheliae
903 3607 1121 3690 retiporae

11 3693 266 3772 spraesentavit3
289 3693 417 3756 iconem
439 3693 495 3756 cl.
516 3689 725 3753 Dulonrei
748 3693 855 3766 (Arm.
880 3689 1049 3770 generales
1066 3691 1121 3751 des

13 3775 127 3838 ieisces
149 3775 348 3854 natrrrelles,
373 3793 450 3840 same
472 3773 547 3840 liet.
569 3773 635 3835 tob.
663 3773 774 3854 VIII.)
796 3775 969 3856 abeodem
992 3777 1119 3846 citatem

11 3883 44 3924 tn
70 3861 228 3926 vidimus.
722 3889 725 3900 ¹

59 3967 251 4049 Apothecis
276 3966 310 4028 in
335 3968 388 4028 cl.
414 3967 607 4049 retipora
631 3979 739 4028 nostra
765 3989 782 4030 e
813 3967 1004 4028 collectione
1028 3967 1119 4030 sie-

12 4053 69 4114 rri
104 4049 338 4133 punctilormia
370 4051 469 4112 multo
493 4054 617 4114 minore
649 4073 742 4134 quam
773 4053 809 4113 in
830 4053 941 4132 specie
963 4063 1118 4132 sequente

12 4151 71 4206 nt,
112 4147 275 4196 caeterum
306 4149 444 4218 uterque
468 4134 567 4196 forma
593 4149 740 4196 excavata
764 4135 978 4207 conveniunt,
1008 4146 1039 4196 at
1062 4133 1118 4196 Cl.

12 4217 311 4282 sbilla‘rdiere
350 4220 460 4282 eadem
501 4221 624 4280 demum
658 4241 798 4282 convexa
828 4219 991 4282 ‹lescribit
1034 4221 1121 4280 Hinc

12 4319 52 4370 et
79 4302 218 4387 species
248 4303 356 4368 ambae
384 4305 483 4367 thallo
510 4325 639 4388 quoque
670 4304 897 4386 cartilagines,
933 4304 1021 4364 sicco
1048 4303 1119 4364 lere
1202 4385 1205 4390 Ι
