2656 4902
375 213 571 308 Iraeranrena.¹
605 185 818 304 lerneam..
986 335 989 344 ,
1089 243 1152 310 113

95 415 225 482 Crescit
250 415 296 480 aad
318 415 474 482 arborum
502 417 655 482 corticem
685 439 790 504 propa
818 413 980 500 Belicam,
1009 414 1150 502 confinia

25 501 367 656 ῗζῖξῧξῖἒ.ὒοιιιιηαὶἰ
374 548 386 584 ,
424 503 636 570 Verrncariae
660 501 818 590 nepisinae
837 513 868 566 et
887 500 1149 590 Leingrammalt'

5 743 6 752 ¹
91 717 242 782 Adnot.
283 715 416 780 'l'hallna
448 717 581 781 omnino
603 715 691 780 idem
714 717 771 804 qni
795 716 1024 800 Graphialia
1046 717 1145 783 eonii-

21 805 79 880 nir,
99 803 251 886 margine
271 822 350 865 rere
364 801 398 863 ni
441 821 460 864 ο
480 815 666 864 constanter
685 802 724 864 ab
740 803 855 864 eotlem
872 801 1053 882 rejunctnap
1072 823 1144 868 enm

21 901 178 970 praeterea
206 886 240 947 in
268 886 366 948 aimili
396 884 495 948 tello
526 885 701 950 obveniant
730 885 902 970 apotheeia
933 886 1088 952 diminuta
1111 903 1145 954 et

21 973 152 1034 abortire
175 970 457 1034 Verrneariae
478 967 630 1042 eonflnia,
663 991 703 1032 ar
732 972 903 1055 utriusque
929 990 1051 1053 genere
1072 976 1144 1036 Ar.

20 1055 178 1119 thaniae
203 1067 334 1118 noatrae
356 1054 519 1139 originem
541 1074 646 1140 aeque
668 1053 740 1136 jure
761 1053 925 1118 deducere
946 1068 1052 1137 porea.

96 1165 131 1226 Δ.
150 1137 348 1242 polymer
387 1158 453 1236 lan,
487 1159 764 1240 aubetellata3
787 1177 896 1223 eruata
918 1147 1139 1226 aribmernbra·

21 1265 110 1308 naeea
129 1243 252 1322 albida,
285 1182 463 1326 apotie'ciia
481 1247 741 1314 'conveniuseulia
761 1243 1140 1314 anatinam-marmania

24 1343 53 1392 et
71 1329 274 1392 subetellatim
295 1329 464 1392 ramulosia
486 1328 599 1394 inscia.

89 1431 214 1498 Acinr.
235 1437 318 1520 Syn.
332 1455 367 1518 p.
385 1456 416 1516 7.

88 1543 234 1625 Spiloma
264 1539 446 1616 maeniana,
482 1547 512 1602 β.
541 1539 781 1618 aubetellatttm,
813 1539 914 1624 ejusd.
931 1535 1133 1630 Licbenogr.

123 1624 215 1688 univ.
235 1623 267 1686 t'rr
288 1623 389 1688 addit.
404 1645 440 1709 ρ.
459 1621 532 1706 669.

32 1811 34 1819 .
84 1753 216 1818 Thallus
238 1765 426 1819 crustaeena
447 1737 565 1818 aimilia
589 1751 639 1816 illi
661 1751 787 1851 primae
805 1752 971 1818 varietati·
990 1751 1137 1838 dearrip·

18 1849 73 1911 tae,
93 1839 158 1902 niai
182 1837 269 1924 quod
292 1837 441 1912 tenuior,
455 1837 544 1900 'hine
569 1837 644 1900 inde
665 1851 866 1920 interruptus
881 1857 942 1902 nee
958 1838 1134 1923 virideqva·

18 1923 143 2006 riegatna
159 1923 221 1997 ait,
244 1923 278 1984 in
296 1919 439 1986 conliniet
458 1922 734 2006 nigra-limitatus.
779 1920 959 2004 Apotheeia
972 1922 1132 2000 conferta,

16 2005 154 2094 pleraque
178 2008 218 2069 ad
238 2006 366 2070 oculum
388 2005 506 2068 nudum
527 2007 743 2082 anblinearia,
766 2007 991 2090 anguatiaaima
1007 2021 1042 2070 et
1057 2005 1134 2073 bre·

18 2090 86 2154 riter
102 2091 282 2174 angulatim
300 2106 333 2153 at
349 2089 561 2154 aubatellatirn
577 2091 756 2164 ramulosa,
778 2091 817 2153 ad
835 2091 957 2153 lentem
974 2111 1055 2156 rere
1072 2091 1133 2155 mi·

17 2195 63 2236 nna
88 2187 205 2240 enecta
234 2174 368 2236 linearia
391 2175 492 2258 magis
520 2175 665 2238 minuare
693 2174 822 2238 dilatata
839 2176 1026 2258 ‹anguinaa3
1057 2177 1130 2252 alia,

12 2261 178 2344 praecipue
207 2260 240 2322 in
264 2257 346 2322 loeia
373 2257 466 2321 thalli
486 2258 590 2340 plania
614 2259 747 2322 omnino
771 2257 1049 2336 maculaesormia,
1072 2257 1131 2322 snb

13 2343 89 2405 lente
109 2365 127 2408 e
144 2342 296 2428 pluribus
310 2342 581 2425 punctilormibua
596 2339 834 2405 confluentibus
847 2343 1039 2424 eompoalta,
1060 2345 1136 2409 tine

15 2427 217 2492 arbetellatim
240 2423 404 2512 angulata,
435 2428 616 2502 erenulata,
645 2431 678 2490 in
701 2426 792 2490 thalli
811 2427 938 2490 rimulia
960 2442 1074 2492 eontra
1093 2427 1136 2493 ati

11 2509 134 2574 leimam
155 2511 422 2595 longitudinalem
444 2511 678 2590 extenduntur3
707 2525 812 2574 aetate
832 2513 1042 2594 provectiore
1063 2531 1133 2575 ate·

11 2597 72 2677 pinr
92 2597 283 2680 proailiunt,
312 2596 451 2659 loreolia
472 2597 574 2658 suecia
595 2597 628 2658 in
649 2595 749 2658 thallo
771 2595 909 2659 relietia.
953 2597 1054 2658 Color
1073 2615 1130 2658 eo·

9 2679 133 2743 rualem
160 2682 196 2742 in
226 2680 325 2746 alceia
354 2680 536 2762 nigricana,
569 2681 603 2742 in
628 2677 815 2742 madefacti·
836 2677 959 2740 straena.
1002 2676 1133 2744 Therae
1183 2704 1191 2720 ·

10 2785 131 2845 parrae,
156 2765 258 2830 aem‘el
282 2765 323 2826 ad
344 2765 466 2848 teptiea
488 2765 677 2841 annulatae,
707 2763 824 2846 quinae
853 2761 936 2825 raaia
966 2761 1130 2827 auberetia

5 2847 157 2912 inclutae:
778 2851 780 2860 '

80 2953 203 3018 Crescit
226 2953 272 3016 nd
294 2953 429 3017 corticea
448 2951 552 3016 Rttzo
575 2950 676 3014 herae
701 2948 862 3035 Maaglea
882 2961 915 3013 et
942 2945 1127 3036 Conoeaap·

5 3039 152 3102 racemosa·
166 3059 270 3124 prope
287 3035 449 3117 Barbium,
472 2973 611 3118 coniitia
631 3021 891 3120 speciatim-mae
910 3034 1036 3102 primae
1055 3033 1127 3098 der·
1208 3081 1211 3086 -

6 3121 137 3208 criptae,
171 3117 335 3186 Lecidene
368 3143 581 3209 pararemae,
638 3118 851 3185 Verrrreariaa
875 3115 1128 3206 pallidiora-ime

10 3207 207 3272 Pertnaeriae
226 3207 390 3270 eornmant'
407 3229 478 3272 nar.
495 3205 664 3269 latescentt'
681 3217 711 3268 et
730 3203 935 3294 Pyrenaatre
954 3205 1041 3268 albe.

73 3317 216 3380 Adnot.
247 3299 446 3398 ¹specimina
476 3314 627 3377 nonnulla
657 3313 750 3397 ltujua
780 3313 904 3376 formae
922 3327 1047 3400 'tantam
1068 3309 1125 3376 lra-
1183 3377 1185 3382 ,

13 3393 70 3462 bert
97 3421 172 3463 cnm
202 3401 446 3478 Pyrechroa
475 3399 633 3482 'gracili
662 3411 771 3462 noatra
803 3396 1137 3471 aimilitudinem„nt'
1189 3409 1191 3418 ’

8 3483 74 3547 aulo
96 3483 195 3548 ocule
216 3484 270 3546 rix
291 3484 493 3568 dintinguere
515 3483 643 3568 petria,
665 3483 704 3545 ad
727 3482 849 3546 lentem
873 3501 949 3546 tero
969 3501 1036 3544 non
1052 3491 1124 3542 tan·

5 3578 59 3627 tum
78 3568 324 3652 apotheeiornm
347 3571 508 3652 margines
532 3569 565 3629 in
586 3565 647 3629 hae
669 3568 781 3650 apeeie
803 3564 973 3648 paralleli,
1007 3565 1042 3628 in
1062 3564 1125 3630 iata

0 3671 94 3714 orma
114 3655 248 3726 omnine
271 3653 457 3738 inaequales
479 3667 567 3724 sunt,
590 3652 649 3714 aed
670 3652 767 3714 etiam
788 3661 949 3712 atruetura
972 3645 1032 3713 anb
1055 3645 1124 3714 len·

8 3762 21 3783 ν
49 3737 225 3820 composita
257 3736 448 3836 inquirenda
478 3737 513 3798 in
541 3735 689 3836 utriarpne
711 3745 897 3798 renitenter
916 3731 1067 3798 ‹literaaa
1087 3735 1123 3796 in
1219 3799 1220 3810 ,

3 3816 201 3884 lterioribua
233 3821 387 3894 nimrrnsn
409 3820 524 3884 lamina
546 3819 713 3882 diaeoaalea
735 3839 831 3901 anpra
852 3817 945 3900 plana
968 3813 1124 3881 alleccia

1 3902 196 3983 elatinoaia,
230 3903 334 3968 theris
364 3927 388 3966 a.
420 3905 527 3988 aporia
551 3903 700 3977 seriatia,
749 3905 782 3964 in
811 3901 978 3985 prieribna
1007 3899 1120 3963 eontra

34 3987 175 4068 perficies
205 4010 346 4053 convexa
378 4004 410 4052 et
438 3989 617 4052 aubatantia
646 3985 800 4050 similaria
827 4005 921 4049 aanor
948 3983 1119 4048 arboreto·

17 4071 148 4136 tnndoa
166 4073 291 4136 lovena.
335 4068 449 4137 Planta
470 4074 546 4136 ideo
568 4085 698 4145 nostra,
727 4067 886 4156 siqnidem
917 4081 1032 4131 aratum
1064 4063 1120 4128 ab·

2 4174 133 4220 ormena
160 4157 282 4233 refert,
312 4159 420 4241 potine
448 4178 508 4240 pro
537 4156 643 4219 forma
671 4155 826 4220 diminuta
848 4152 971 4236 prioria
991 4145 1045 4216 vel
1067 4167 1119 4214 ae·

22 4239 109 4304 alae
128 4240 254 4305 formae
277 4262 373 4325 aupra
396 4241 580 4325 deaeriptae
601 4239 768 4319 habenda,
797 4237 980 4322 iittlamqne
1007 4233 1119 4301 ieraan

20 4324 200 4393 rribenda
213 4327 392 4412 aperiebm
414 4324 607 4392 eonlinibm.
