2760 4922
586 291 711 354 Areae.
753 287 959 376 Venenum.
1062 322 1068 332 ¹

445 494 471 546 2·
507 495 780 549 reuertente
811 497 1096 550 DIGHOTOM.

274 597 335 669 zv·
366 601 484 666 fronde
527 616 656 666 setacea
697 574 862 692 fastigialo
879 637 891 656 ο
908 595 1108 680 dichemue,
1154 603 1328 691 sporangils

207 687 385 774 sphaericis
407 687 585 758 ,essitihun
606 689 759 752 solitariis
779 691 910 772 sparsis.

290 803 473 875 Vaucheria
498 785 703 878 dichotoma,
741 802 808 890 Ag.
834 803 923 889 Syst.
955 830 1022 890 ¹7¹·
1074 801 1211 891 Lrngb.
1237 816 1262 870 t.
1287 827 1328 890 tq.

212 957 217 966 ,
330 885 838 973 F1.Dan.t.17·n,:f1.at3.
929 919 935 944 ι

288 976 451 1041 Conlerva
465 973 668 1052 dichotoma‚
692 969 735 1038 L.
753 971 856 1059 Engl.
880 969 955 1036 Boe.
978 986 1000 1038 t.
1025 975 1096 1058 932.

289 1090 398 1156 Frons
418 1090 537 1174 sesqui·
561 1101 593 1154 et
614 1089 771 1174 bipedalis
792 1089 1092 1154 observatamense
1107 1083 1283 1154 Decembri
1302 1088 1331 1152 in

196 1172 301 1263 so'ssis
321 1189 353 1240 et
372 1176 498 1262 stagnis
519 1175 563 1238 ed
583 1175 695 1237 urbem
716 1173 749 1237 8.
773 1171 902 1238 Paula·
937 1199 940 1208 ¹
980 1204 985 1211 ·

292 1294 418 1359 Onusta
443 1305 512 1357 erat
535 1292 616 1356 haec
643 1294 712 1375 alga
733 1311 845 1355 mense
865 1291 1042 1356 Decembri
1064 1293 1264 1378 spemagna,
1293 1293 1333 1354 ite

207 1380 300 1442 utin
324 1399 487 1442 ramorum
515 1394 606 1461 parte
634 1380 740 1440 antica
767 1378 839 1442 fere
871 1377 993 1462 ubique
1023 1377 1173 1462 globulos
1199 1399 1218 1442 e
1240 1377 1333 1442 viridi

205 1465 430 1549 nigrescentes
446 1461 624 1526 exhiheret.
667 1465 734 1525 Per
750 1478 878 1526 noctem
894 1476 999 1526 autem
1015 1464 1051 1524 in
1069 1464 1243 1526 vitrorum
1260 1482 1334 1546 aqua

205 1551 336 1614 fontana
361 1561 521 1622 asservata
544 1570 710 1628 sperarum
735 1569 878 1630 magnam
908 1549 1033 1630 copiam
1061 1548 1182 1621 edidit,
1204 1547 1334 1610 fundum

204 1636 288 1699 vasis
305 1634 495 1718 petentium.
516 1637 520 1644 “
539 1636 612 1695 Hoc
632 1633 879 1715 phaenomenon
899 1649 995 1716 quum
1016 1635 1110 1694 nobis
1131 1653 1169 1695 eu
1190 1631 1225 1694 in
1249 1651 1332 1693 men·

202 1731 268 1783 tem
283 1730 479 1791 revocasset,
503 1738 584 1801 quae
602 1731 691 1778 antea
703 1707 994 1798 Trentepohlius*)
1011 1719 1051 1779 de
1066 1716 1248 1780 Conservae
1264 1735 1334 1778 suae

203 1804 350 1866 bullesae
367 1801 511 1886 gongylis
521 1815 840 1880 commemoraverat,
857 1803 1082 1886 quippelquie
1097 1800 1216 1864 tubulis
1229 1799 1334 1864 emissi

205 1909 270 1952 non
296 1889 367 1950 sine
400 1901 504 1948 motus
530 1885 766 1970 quodammodo
801 1887 977 1948 voluntarii
1011 1886 1153 1966 indicio,
1189 1901 1334 1968 tanquam

205 1971 335 2058 gongyli
352 1969 549 2054 vegetabiles
564 1967 707 2047 animati,
729 1970 793 2032 huc
811 1971 888 2050 illuc
905 1985 1086 2048 versantur,
1108 1971 1183 2031 dum
1197 1969 1334 2054 denique

205 2059 307 2141 magis
325 2057 492 2140 magisque
508 2056 670 2118 virescant
685 2071 781 2139 atque
798 2056 832 2115 in
846 2077 960 2117 novam
968 2055 1068 2138 Algae
1085 2055 1333 2135 prolemesten·

206 2142 338 2216 dantur,
359 2161 485 2203 omnem
502 2141 711 2203 attentionem
728 2143 762 2206 ia
778 2140 809 2201 id
826 2141 1013 2216 direximus,
1037 2154 1072 2202 ut
1086 2136 1335 2223 quidejusmodi

205 2226 241 2290 in
255 2228 360 2310 planta
386 2219 572 2288 bradlicnsi
599 2225 837 2308 detegerimus,
867 2239 1007 2288 attamen
1025 2224 1155 2298 frustra.
1200 2223 1335 2288 Granula

207 2312 295 2374 enim
315 2310 369 2372 illa
401 2311 630 2394 propagatoris
657 2333 717 2392 per
744 2323 827 2384 octo¹
851 2310 975 2372 dierum
1000 2309 1139 2392 spatium
1170 2307 1335 2372 observata

164 2391 175 2401 ’“
205 2395 327 2456 nullum
346 2389 450 2456 motus
472 2396 618 2457 animalis
642 2395 814 2478 vestigium
836 2417 912 2475 prae
935 2393 1154 2476 referebant,
1178 2415 1282 2479 caque
1301 2411 1336 2453 cs

204 2481 286 2544 urbe
306 2482 339 2542 S.
358 2479 451 2540 Pauli
477 2479 753 2542 discedentes'eut
772 2481 938 2541 immutata
965 2491 1017 2540 aut
1037 2500 1127 2540 more
1149 2479 1237 2540 inter
1260 2478 1336 2540 hacc

204 2563 400 2648 vegetabilis
417 2563 516 2626 solito
537 2562 572 2625 in
594 2563 646 2624 iila
663 2557 793 2626 eitensa
815 2564 1014 2647 reliquimus.
1056 2565 1148 2626 Haec
1165 2583 1245 2631 vero
1267 2563 1336 2623 heic

118 2667 120 2674 ’
203 2649 415 2722 tradidimus,
438 2669 502 2734 quo
517 2649 684 2710 ardentius
705 2648 893 2710 nostratium
913 2647 1054 2727 studium
1077 2649 1180 2730 prima
1206 2647 1336 2711 stamina

203 2734 420 2818 vegetationis
439 2735 473 2796 in
496 2732 607 2794 limine
632 2733 799 2818 utriusque
823 2732 936 2816 regni,
960 2732 1105 2794 animalis
1126 2747 1159 2794 et
1176 2730 1338 2816 vegetabi-

203 2817 262 2891 lis,
285 2833 517 2901 perscquutnm
543 2832 602 2881 est.
647 2821 799 2880 Ceterum
823 2817 1025 2882 Vaucheriae
1046 2817 1181 2895 bullata,
1204 2818 1335 2889 hamata,

203 2903 341 2975 clavata,
363 2903 479 2964 litorea
502 2903 582 2984 Ag,
616 2902 771 2974 aNeesio
799 2897 853 2980 (N.
875 2907 947 2964 Act.
966 2900 1064 2974 Aced.
1090 2904 1183 2965 Caes.
1212 2905 1250 2967 L.
1269 2903 1336 2962 Car.

118 3007 125 3022 ·
204 2985 307 3050 T.Xl.
330 2989 368 3047 P.
381 3005 410 3047 n.
433 2987 564 3068 p.518.)
588 3005 648 3068 pro
670 2986 809 3049 diversis
833 2983 941 3046 stadiis
963 2985 1143 3048 conservae
1160 2985 1251 3049 illius
1271 2983 1347 3064 bul,

202 3071 461 3153 losaeTrentsp.
481 3071 678 3142 declaratae,
702 3072 735 3132 in
756 3092 796 3134 eo
821 3071 1068 3145 convenientes,
1093 3069 1180 3154 quod
1202 3088 1338 3152 „speras

202 3157 237 3222 in
257 3155 351 3239 apice
367 3155 553 3218 tubulorum
574 3155 775 3237 colligantin
792 3154 957 3240 globulum
973 3157 1098 3230 vivum,
1120 3169 1196 3236 post
1214 3169 1339 3238 partum

202 3243 307 3304 libere
335 3254 496 3304 natantem
518 3253 689 3323 morteque
712 3239 988 3304 revirescentom“
1018 3241 1120 3318 (Nccs
1138 3239 1255 3318 ibid),
1278 3239 1338 3300 hoc

204 3325 400 3398 charactere,
422 3324 648 3410 physiologice
665 3325 883 3410 potiusquam
899 3325 1157 3408 morphologico,
1173 3323 1339 3406 areliquis

203 3406 397 3476 Vauclreriis
422 3411 476 3478 ,vix
501 3409 655 3493 generice
675 3409 920 3496 distinguendae
941 3411 1108 3483 videntur,
1129 3410 1270 3493 parique
1292 3429 1337 3467 rs-

202 3496 293 3584 tione
306 3495 663 3578 plantasrlrtlsrodiatas
681 3496 843 3558 Gaillonio
862 3508 895 3558 et
912 3497 1116 3577 Zoocarpeas
1135 3497 1244 3575 Boryo
1273 3493 1338 3555 dic·

204 3594 252 3642 tas
273 3581 308 3640 in
329 3580 496 3644 distinctas
519 3581 620 3642 series
642 3581 798 3642 collocari
821 3581 943 3642 debere
961 3581 1013 3642 vix
1036 3578 1338 3640 existimaverimus.

204 3669 328 3726 Motum
353 3665 438 3727 enim
460 3666 589 3726 animali
616 3665 754 3727 similem
776 3665 810 3726 in
833 3665 983 3747 plurimis
1000 3663 1091 3748 Algis
1110 3663 1268 3724 hahemus
1293 3663 1339 3723 in·

202 3749 393 3812 haerentem
416 3763 470 3812 aut
493 3750 645 3814 discretis
665 3771 777 3812 earum
795 3749 942 3833 partibus
969 3748 1186 3810 exterioribus
1205 3747 1338 3810 tandem

205 3833 432 3898 secedentibus
469 3850 523 3897 aut
558 3837 706 3920 gougylis
737 3855 755 3897 e
792 3856 869 3896 cavo
900 3833 1132 3918 propellendis.
1161 3833 1342 3894 =Ceterum

202 3939 283 3984 vcro
306 3919 413 3996 simile
435 3933 502 3993 est,
534 3922 616 3982 tales
640 3917 745 3982 molus
777 3921 1013 4006 quodammodo
1037 3937 1133 4002 posse
1154 3915 1338 4000 comparari

204 4005 360 4089 singulari
387 4002 610 4086 phaenomeno
635 4004 790 4067 circuitus
812 4004 918 4068 laticis
934 4004 966 4065 in
983 4003 1157 4067 Chararum
1176 3999 1338 4076 articulis,

203 4087 244 4152 de
261 4111 325 4176 quo
342 4089 439 4166 infra,
458 4089 635 4153 Characeas
655 4103 905 4174 pertractantes,
928 4090 1027 4151 rerba
1046 4088 1210 4150 faciemus.

202 4209 407 4231 m-

174 4323 177 4331 ¹
233 4263 259 4328 ⁶)
277 4261 325 4320 ln:
350 4261 449 4318 Roth's
466 4259 635 4320 botanische
652 4205 871 4333 Belsrerlsungen
894 4257 954 4312 und
971 4229 1227 4380 Ιίετῐέξιῑίχιῗιιςοηᾰ
1262 4253 1342 4334 1⁸9⁷·

283 4331 502 4454 ggg'ffgffl'
514 4333 757 4470 qupqupnzssglees
774 4347 834 4386 von
849 4327 980 4384 Eseubec
1009 4366 1016 4392 ,
1057 4345 1082 4380 re
1100 4325 1191 4426 Agru
1217 4339 1264 4395 ¹ee
1280 4337 1340 4378 sue·
