2760 4922
418 351 545 416 deuse.
590 349 796 412 Sancasaurs.
1134 353 1179 424 47

125 533 241 600 Affine
264 536 297 598 S.
319 531 505 618 rulgsris
527 531 677 597 varietati
697 531 1034 618 soantbocarpo‚
1068 533 1103 598 S.
1123 533 1178 598 ls-

50 621 195 686 tit'olio
219 632 253 682 et
275 619 308 679 S.
332 615 544 683 iliciiolio
571 618 630 684 sod
651 616 691 680 ab
712 617 863 682 omnibus
884 630 1032 682 sructura
1052 617 1178 682 frondis

46 723 75 771 et
91 707 249 770 foliorum
268 702 443 766 diversum.

123 809 166 874 In
190 809 302 871 littore
319 806 487 873 Bresilioe
503 807 592 871 inter
611 802 892 892 Sebastianopoliu
919 820 951 872 el
971 803 1176 892 Soteropolin

45 896 164 958 delexit
192 891 280 990 dem
293 890 404 958 Priuc.
427 889 689 956 Maximiit'onrs
718 891 922 974 Wedenet'cp
953 892 996 962 cl.
1015 889 1178 958 Schrader

44 988 303 1044 communicavit.

223 1121 251 1172 e
291 1119 557 1169 successeur
587 1113 1001 1179 sunnornrnnun.†

127 1221 158 1282 S.
179 1215 334 1279 frondea
358 1215 429 1278 basi
447 1235 573 1278 ramosa
593 1213 746 1290 flaccide,
788 1215 880 1280 caule
905 1215 1177 1302 angulum-com·

50 1300 266 1385 pressiusoulo
291 1300 393 1376 laevi,
433 1301 564 1363 ramulis
587 1321 713 1364 sursum
734 1297 956 1364 decrescendo
984 1300 1176 1376 minoribus,

50 1387 135 1449 soliis
160 1383 342 1448 linearibus
368 1383 441 1448 bsai
467 1384 612 1450 cuneatis
642 1383 851 1448 acutiuscnlis
875 1385 1097 1485 integerrimis
1126 1385 1179 1448 rel

49 1472 198 1532 undulato
215 1506 230 1519 ·
245 1467 511 1532 subdenticulatis
539 1471 684 1534 obsoletc
716 1469 864 1552 porosis,
897 1467 1050 1534 vesrcnlis
1081 1469 1180 1554 longe

46 1553 248 1638 pedicellatis
275 1553 384 1636 parcis
404 1552 568 1637 globosis,
614 1553 798 1638 uporsngiis
821 1553 975 1618 torulosis
1001 1555 1178 1617 racemosis

45 1641 255 1808 0001ἦῖἺοΞο
262 1637 460 1721 -lastigiatis
492 1638 583 1702 foliis
608 1637 814 1734 intermixtis.
857 1634 970 1702 Mori.
994 1634 1045 1699 Ic.
1066 1635 1176 1701 select.

121 1832 235 1892 Fucua
253 1827 493 1910 stenophyllua,
522 1823 628 1890 Meri.
650 1827 684 1890 io
707 1825 770 1890 lits.
854 1870 858 1883 ,
952 1827 958 1839 ’

99 1934 247 1998 Bacis:
266 1933 368 1996 callus
384 1953 521 2011 crassus,
543 1932 666 2010 luscus,
691 1935 835 2010 conicus,
858 1934 1006 1998 caules
1025 1933 1179 1998 emittens

43 2021 150 2103 plures
180 2019 313 2100 pedales
347 2031 381 2081 et
409 2019 652 2104 sesquipedales
684 2019 1179 2104 ungulato-compressiusculos

44 2106 149 2170 laeves
170 2103 311 2166 obscure
328 2100 438 2166 iuscou
455 2102 604 2166 siccitate
628 2103 845 2187 nigricsnteo‚
885 2104 949 2165 ima
966 2103 1037 2166 basi
1055 2105 1179 2167 divisos

47 2189 94 2252 vel
111 2209 191 2251 raro
210 2187 378 2270 uimplices
394 2199 503 2250 rectos
520 2199 573 2248 aut
598 2187 686 2249 inter
705 2187 846 2250 ramulos
872 2185 1174 2272 anguloso-fissos.

44 2272 208 2336 Remuli
236 2270 377 2335 fotiitcri
400 2270 534 2340 alterni,
558 2269 761 2354 longitudine
787 2293 912 2335 sursum
934 2273 1175 2350 decrescentes,

42 2355 197 2441 angulati.
243 2355 363 2419 Folia
382 2355 534 2427 linearia,
557 2355 712 2437 pollicem
732 2369 766 2418 et
783 2356 1051 2442 sesquipollicem
1068 2357 1123 2421 lon
1147 2378 1176 2434 o,

45 2464 125 2506 nuno
141 2443 266 2502 lineam
284 2461 379 2502 uuam
398 2461 484 2504 nunc
501 2438 580 2502 duas
604 2452 714 2504 tresve
739 2439 818 2515 lats,
859 2441 894 2502 in
918 2441 1085 2504 sterilibus
1109 2463 1180 2524 pe·

45 2545 180 2612 rumque
199 2524 337 2601 latiora,
380 2545 492 2587 versus
517 2523 610 2587 basin
632 2537 981 2600 conecto-attenuata,
1023 2525 1117 2608 epioe
1142 2526 1179 2587 in

49 2630 178 2672 acumen
192 2609 342 2672 breuiter
352 2607 583 2690 pyramidatum
597 2609 789 2683 desinentia,
811 2609 863 2671 rel
878 2612 1068 2674 mucronulo
1083 2609 1180 2674 brevi

54 2714 183 2758 enervo
211 2714 274 2778 per
299 2692 443 2754 medium
461 2691 657 2756 decurrente
680 2692 841 2792 producto
868 2693 1041 2769 instructa,
1084 2693 1179 2777 poris

53 2777 206 2840 muciduis
229 2777 403 2840 subtilibus
418 2787 567 2859 pertusa,
590 2795 737 2860 margine
752 2777 963 2876 integerrima
985 2791 1039 2841 aut
1058 2777 1181 2924 passim

48 2863 210 2926 denticulo
227 2881 295 2924 uuo
313 2861 455 2924 alterove
473 2859 630 2945 praedita,
648 2861 806 2946 pleraque
824 2881 858 2922 rn
877 2861 1010 2924 ramulis
1022 2884 1058 2926 su
1082 2863 1180 2925 alter·

42 2949 141 3010 natim
160 2967 292 3032 sparse,
320 2945 473 3008 nonnulla
497 2946 532 3008 in
558 2959 650 3028 perte
673 2944 834 3008 inferiore
861 2965 1082 3021 racemorum,
1116 2946 1180 3010 alis

42 3035 164 3115 passim
195 3028 314 3106 bifida,
359 3028 489 3092 laciniis
518 3027 691 3095 similibus.
752 3029 977 3098 Vesiculse
1011 3031 1177 3116 globosae,

40 3116 267 3201 magnitudine
289 3113 421 3177 seminis
442 3114 575 3190 Lentis,
604 3113 766 3189 rariores,
799 3115 991 3198 plerumque
1014 3115 1180 3182 solitariae

42 3221 174 3284 sparsae
206 3202 242 3260 in
267 3199 336 3261 basi
361 3217 581 3272 racemorum,
621 3198 793 3280 pedicellis
817 3200 1014 3281 compressis
1038 3222 1075 3261 su
1100 3219 1179 3262 erne

40 3284 193 3349 nonnihil
219 3284 406 3346 incrassatis
434 3283 512 3345 dues
535 3283 575 3344 ad
598 3295 737 3368 quatuor
755 3282 857 3345 lineas
880 3283 987 3382 lonpia
1016 3307 1054 3348 su
1083 3284 1178 3346 ultae.

43 3369 284 3452 Sporangia
306 3369 341 3429 in'
366 3368 538 3451 superiore
564 3365 690 3430 frondis
711 3379 805 3450 parte
827 3367 991 3442 axillam,
1026 3369 1181 3450 pedun-

47 3456 152 3516 culis
176 3453 314 3514 circiter
335 3451 451 3514 lincam
472 3452 581 3534 longis
601 3451 750 3527 suffulta,
791 3451 949 3533 disposita
976 3441 1180 3516 in'racemos

43 3560 125 3601 nunc
152 3536 273 3600 bifidos
296 3550 393 3622 utque
420 3535 592 3620 pedicellis
621 3535 806 3620 aggregatis
832 3535 1065 3614 subcymoao's,
1092 3556 1179 3600 nunc

41 3625 143 3709 magis
157 3623 330 3704 elongatos
342 3637 438 3706 atque
457 3621 729 3702 subpeniculetos,
750 3617 922 3702 pedicel
934 3621 987 3684 lis
1008 3621 1181 3700 brevibus3

37 3707 170 3792 singula
186 3727 283 3768 unam
300 3707 341 3767 ad
359 3719 498 3790 quotuor
512 3707 631 3766 lineam
647 3705 760 3788 longa,
794 3704 991 3785 cylindrica,
1022 3707 1180 3780 toruloas,

35 3807 156 3864 acuta,
176 3789 344 3852 interdum
366 3790 459 3873 apice
473 3787 581 3852 biiidc.
640 3788 823 3850 Tubercula
843 3804 938 3852 muco
955 3808 1059 3873 pauco
1078 3791 1182 3874 turgi-

33 3877 94 3952 da,
130 3876 167 3936 in
184 3897 250 3960 quo
271 3874 444 3958 gongyli
469 3875 541 3938 seni
568 3872 620 3935 vel
646 3874 756 3950 octoni
780 3873 970 3958 subglobosi
994 3874 1046 3937 vel
1069 3887 1177 3937 orato·

31 3960 173 4048 globosi
192 3959 325 4023 obscuri
344 3959 465 4022 coloris
480 3958 619 4042 gelatina
634 3957 799 4020 teneriore
816 3957 967 4022 obuoluta
984 3959 1180 4021 nidulantur.
1277 4021 1278 4026 η

168 4047 310 4107 Formae
323 4043 418 4125 hujus
435 4043 560 4126 speciei
573 4040 802 4105 memorabiles
817 4055 909 4104 suntt
951 4063 955 4076 ·

127 4129 165 4192 S,
185 4127 517 4212 stenopbyllunr,
550 4146 773 4206 oymooum,
804 4128 937 4188 ramulis
960 4143 1085 4188 sursum
1103 4126 1178 4188 aub-

31 4211 498 4298 pyramidem-brevioribus,
519 4209 607 4274 soliis
624 4210 840 4274 inferioribus
858 4224 912 4273 aut
929 4209 1067 4272 caulium
1083 4210 1181 4274 steri·

30 4301 121 4360 lium
142 4293 496 4371 lineari-lanceolam,
535 4295 762 4379 superioribus
781 4295 926 4380 angustis
946 4291 1178 4377 ligulaeiormi·
1257 4309 1261 4318 '

32 4383 119 4458 bus,
150 4379 332 4465 eporangiis
347 4377 458 4444 bifidis
477 4395 536 4443 aut
547 4379 742 4445 dichotomis
760 4379 885 4444 crebris
906 4379 1151 4466 sublestigiatis.

125 4487 319 4573 Sargas‘sum
338 4507 518 4568 cymosum,
541 4485 610 4573 Ag.
627 4482 719 4570 Spec.
735 4481 766 4550 Ι.
785 4505 838 4550 eo.
860 4481 951 4570 Syri.
969 4483 1044 4552 300.
