2656 4902
224 255 288 324 138
573 255 764 318 osenna.
783 253 1012 320 Vnancanan

221 455 302 500 vero
325 433 606 508 verrucaria,
629 433 717 518 qaod
741 447 912 512 praeterea
937 429 1147 515 paucissimas
1168 429 1315 516 spec'iemn

222 518 427 582 differentias
441 532 475 579 et
490 517 672 581 divisiones
689 518 832 593 exbibet,
855 519 1031 580 earundein
1054 518 1196 580 ordinem
1207 519 1314 582 arbitrio

224 602 523 686 sere-relinquit‚,
548 603 677 685 species
707 603 863 685 singulari
903 603 1105 665 dehiscentia
1153 621 1245 688 eaque
1270 603 1316 664 lra-

224 687 434 772 qacntissima
449 685 627 758 distinctas,
650 688 683 746 in
702 701 784 748 statu
803 687 914 749 adulto
930 686 1065 747 formam
1082 687 1193 769 generi
1209 687 1314 747 alienun

222 771 335 854 spuria
353 768 545 851 discigeram
563 771 791 854 adipiscentes.
814 772 974 853 simulque
992 773 1098 854 quoad
1114 771 1319 832 immersionem

220 868 255 920 et
269 853 445 937 perithecii
458 855 573 917 baseos
592 855 814 936 integritatem
829 855 998 916 admodum
1019 849 1245 936 polpmorpbas,
1263 853 1315 912 hinc

173 942 179 952 “
220 941 277 1004 vix
295 939 382 999 inter
397 939 526 1020 priores
544 941 708 1002 sectiones
728 937 963 1022 dispertiendas
991 939 1025 998 in
1050 940 1211 1021 propriam
1228 938 1316 1000 sectio

219 1031 296 1086 nem
312 1021 443 1084 nomine
459 1023 776 1107 antiquorlcbarii
794 1021 1022 1104 designandam
1041 1023 1197 1104 colligere
1219 1021 1314 1082 consal-

218 1108 287 1171 tiua
306 1105 464 1168 duximus.
507 1107 642 1189 Species
658 1108 752 1190 apice
769 1107 970 1168 solummodo
990 1121 1138 1187 pertusas
1166 1106 1311 1168 dilatatam

220 1211 318 1254 neca
341 1189 524 1273 peritbecio
562 1192 695 1253 residuo
727 1191 921 1275 marginatas
947 1191 1174 1253 exclusimus.'
1198 1187 1310 1254 tabita

224 1275 373 1338 strictum
399 1293 465 1335 non
478 1274 592 1336 adesse
613 1276 832 1336 concedimus.

305 1358 356 1421 Ad
391 1378 511 1441 genera
550 1380 611 1441 pro
645 1361 829 1439 synonymis
860 1358 1078 1446 supracitata
1106 1353 1314 1422 observandum,

192 1443 392 1512 ,monnullss
413 1441 590 1504 eorundem
614 1442 740 1526 species
763 1465 781 1506 s
802 1443 899 1505 nobis
917 1441 958 1503 ad
979 1441 1094 1524 fungos
1117 1439 1247 1508 referri.
1265 1457 1313 1499 aa

222 1526 526 1594 verrucariam
548 1527 785 1607 byss'ageam
806 1526 909 1597 sch„
931 1525 1229 1610 quaebecidese
1247 1521 1316 1600 dryi-

204 1611 299 1676 'nae
332 1610 468 1672 varietas
497 1611 684 1674 Florlteo
714 1625 750 1674 et
779 1610 1089 1688 Wsllrotbio*)
1123 1608 1271 1690 simulque
1286 1603 1316 1662 nl·

103 1743 105 1750 >
138 1735 140 1746 ι
223 1694 344 1759 teriori
372 1693 643 1756 Tbrombium
671 1695 1060 1777 punctiforme**)‚
1089 1713 1173 1778 quae
1195 1693 1316 1754 deinum

225 1800 299 1844 cum
331 1776 393 1839 ista
423 1777 611 1840 Lccidea
644 1783 819 1858 Meyero
848 1792 898 1842 est
938 1777 1155 1862 Calpcium
1196 1771 1315 1836 aborti·

225 1884 336 1935 vam,
361 1873 493 1920 econtra
514 1847 788 1942 Pyrenothei
809 1861 1006 1936 Friesio,
1044 1863 1102 1946 qui
1133 1859 1317 1922 Lecidean

225 1947 356 2010 citatam
393 1942 433 2003 ad
470 1945 741 2028 Coniabgium
780 1947 957 2028 vulgare
994 1967 1085 2024 suum
1113 1943 1235 2015 refert,
1259 1939 1318 2016 cuju·

222 2052 303 2097 vero
332 2028 498 2112 specimen
527 2033 798 2094 communicatum
819 2031 924 2111 (Liob.
947 2029 1091 2110 exsicc.)
1116 2042 1207 2093 certo
1234 2025 1319 2088 sertia

224 2115 344 2201 fungus
369 2124 430 2176 est.
918 2147 923 2154 ·

477 2281 522 2335 22·
546 2290 841 2363 raaaucsata
865 2289 1102 2338 ssrrsrat.

294 2396 351 2460 Ὺ.
380 2406 486 2456 crusta
509 2407 621 2457 cerata
650 2395 755 2456 nitida
781 2393 1196 2475 sulphureo-virescente,
1223 2380 1318 2467 apotbe·

226 2483 290 2547 ciis
318 2479 562 2542 semiimmersis
592 2478 926 2562 depresso-globosis
954 2479 1139 2562 papillatis,
1182 2459 1318 2562 penitiori

224 2567 297 2630 basi
317 2564 426 2626 medio
448 2560 700 2639 subdeficiente,
727 2575 821 2647 parte
847 2563 1018 2645 superiore
1045 2562 1179 2646 saepias
1207 2555 1318 2621 statana

226 2651 418 2717 dehiscente
439 2646 493 2711 vel
513 2646 686 2732 decidua!

310 2752 505 2821 verrucaria
531 2755 690 2836 aspistea,
711 2748 799 2814 Acb.
820 2747 1020 2834 Licbenogr.
1043 2748 1136 2815 univ.
1155 2771 1191 2834 p.
1215 2747 1277 2808 aar.
1302 2761 1307 2766 ·

311 2859 474 2942 Pyrenula
505 2860 663 2940 aspistea,
692 2856 779 2919 Aah.
810 2856 848 2920 in*
874 2856 973 2941 Mag.
1002 2855 1035 2921 d.
1064 2851 1162 2922 Berl.
1187 2841 1318 2916 Gerellnl

353 2937 575 3023 naturforscla.
599 2939 653 3004 Fr.
682 2941 718 3002 V.
742 2943 856 3022 (1824)
874 2963 910 3027 p.
936 2941 1070 3022 17.tab.
1092 2931 1225 3019 ILfig.
1253 2937 1290 2996 ab.
1317 2991 1318 3004 ,

176 3097 180 3112 .
309 3048 479 3212 Liknborit
515 3047 758 3126 circumcisas,
802 3045 895 3116 Icon.
924 3045 982 3110 sal.
1017 3056 1176 3132 cryptog.
1206 3041 1268 3106 tab.
1298 3055 1317 3100 tt

313 3239 445 3302 Thallus
466 3227 671 3311 mustaceus,
694 3238 797 3322 magis
817 3239 965 3302 minusve
987 3235 1242 3312 crasainscalus,
1260 3221 1317 3290 laed

230 3337 323 3410 gatus
345 3339 379 3386 et
399 3322 547 3406 nitidus¹¹
567 3323 606 3384 ad
628 3324 765 3384 formam
787 3323 926 3386 vitream
948 3319 1127 3395 accedens,
1160 3319 1317 3406 sulphurati

140 3405 142 3412 ’
204 3429 307 3472 mox
327 3409 525 3492 pallescens,
548 3427 623 3470 mox
644 3405 888 3478 ssavo-virens,
920 3407 953 3467 in
981 3403 1128 3466 confinio
1151 3398 1317 3488 nigro-litt

229 3506 327 3556 tatas.
369 3490 550 3575 Apothecia
580 3493 706 3555 mediae
739 3490 969 3575 magnitudinis
996 3509 1093 3572 supra
1125 3489 1259 3550 thallum
1285 3479 1317 3562 pti

230 3575 401 3640 fecto-rel
422 3575 863 3659 depresso-hemisphaerica
883 3574 1013 3656 juniora
1032 3571 1207 3656 papillam,
1229 3565 1317 3630 astra

231 3660 325 3724 thalli
364 3659 513 3722 corticali
548 3657 711 3735 obducta,
752 3661 829 3722 binc
864 3659 1109 3740 caesio-nigra
1146 3641 1316 3718 nitidiuacul

215 3743 331 3827 Ι(ιόοιι.
353 3741 408 3804 cit.
429 3735 497 3826 fig.
519 3739 580 3804 IV.
603 3743 651 3820 b.)
684 3744 738 3806 rel
774 3744 807 3805 in
838 3741 1015 3805 corticibus
1047 3732 1316 3821 semperrirentiat

230 3829 290 3892 ubi
307 3827 508 3914 planinscnla
525 3841 609 3900 sunt,
632 3829 764 3891 omnino
783 3827 889 3890 albida
902 3825 1001 3904 (icon.
1014 3823 1068 3886 cit.
1082 3815 1153 3910 fig.
1179 3821 1241 3885 IV.
1257 3841 1282 3880 a.
1295 3837 1316 3874 a·

130 3983 135 4002 ,
230 3915 339 3978 adulta
360 3912 465 3992 rarius
484 3912 694 3994 persistentia
716 3912 883 3984 ostiolata‚
920 3911 1110 3995 plerumque
1147 3931 1169 3972 e
1201 3913 1316 3990 partel

230 3999 367 4084 periore
390 3995 613 4059 circumscissa
634 3996 772 4061 decidua
793 3996 845 4066 rel
866 3996 901 4060 in
922 3995 1094 4060 arboribus
1127 3987 1316 4076 semperv'nl
