2760 4922
421 1416 569 1484 oeno
611 1419 820 1485 antuus.

235 1587 631 1676 anone,
732 1543 1002 1666 coen.

146 1791 379 1890 Vegetabilia
400 1817 528 1889 agarna
535 1841 547 1878 ,
580 1792 844 1893 utplurimum
868 1793 1059 1894 aquatica,
1087 1821 1193 1871 com·

52 1951 141 2028 page
181 1947 284 1994 mere
327 1921 523 2016 cellulosa3
584 1923 811 2020 gelatinosa,
856 1925 1088 2000 lilamcntosa
1128 1943 1192 2000 aut

52 2056 229 2130 frondosa
236 2079 248 2144 3
284 2053 428 2144 arhiza3
465 2053 588 2152 sporis
614 2055 671 2128 vel
696 2055 868 2154 gongylis
893 2056 1112 2155 gelatinosis
1133 2056 1193 2130 in·

55 2184 164 2260 clusis
188 2183 248 2260 vel
273 2183 452 2284 inspersis
478 2207 518 2254 se
542 2186 800 2284 propagantia.

147 2379 342 2454 Obserr.
406 2377 554 2452 lnlimae
582 2379 699 2478 Algae
733 2381 802 2456 sub
832 2381 1018 2482 primitiva
1044 2400 1191 2480 vegeta·

53 2482 181 2554 biliam
202 2477 343 2564 forma,
384 2478 409 2548 i.
433 2501 466 2548 e.
486 2477 717 2576 simplicibus
741 2499 954 2556 constantes
984 2481 1128 2555 cellulis
1157 2505 1189 2553 s.

55 2578 236 2662 vesiculis,
262 2601 306 2648 ex
317 2601 415 2692 agria
427 2595 639 2674 exsurgunt.
677 2577 819 2652 Cellttla
885 2604 1003 2678 aeque
1020 2581 1060 2652 in
1076 2579 1192 2678 prim·

62 2680 168 2750 cidiis
179 2675 299 2772 magis
310 2699 474 2748 manusve
487 2701 641 2746 mucosa
658 2693 715 2748 est
731 2695 769 2748 et
790 2605 965 2772 gltffosa,
994 2677 1100 2762 dein,
1126 2677 1192 2749 ubi

63 2777 162 2847 altius
184 2799 269 2847 sese
292 2773 529 2872 explicuerit,
567 2773 606 2844 in
628 2774 778 2846 utriculi
804 2773 860 2848 vel
886 2773 936 2846 lili
956 2775 1109 2873 liguram
1130 2799 1222 2846 exn

59 2876 233 2958 tenditur,
276 2895 371 2970 quaa
388 2872 435 2944 ab
458 2872 566 2944 initio
588 2871 808 2969 regulariter
830 2872 985 2945 alterum
1006 2873 1113 2946 alteri
1136 2873 1194 2945 in·

55 2975 174 3046 sidant
186 2989 225 3043 et
244 2995 285 3042 se
304 2989 485 3069 repettmt,
512 2997 597 3042 mox
616 2970 792 3070 parallela
806 2971 1005 3073 prodeunt,
1032 2971 1194 3070 denique

53 3075 91 3143 in
123 3068 396 3166 longitudinem
431 3087 543 3166 atque
577 3069 811 3156 latitudinem
852 3067 913 3142 ad'
938 3071 1194 3144 continuatam

54 3171 227 3264 frondem
242 3167 348 3239 lanae
370 3184 521 3241 coactae
540 3163 637 3264 (sive
654 3162 854 3264 πιληματος)
878 3169 918 3240 in
934 3171 1085 3242 modum
1102 3195 1192 3241 con-

54 3271 237 3368 stipantur
255 3283 292 3338 et
313 3267 598 3340 condensantur.
648 3265 745 3349 Hinc
760 3266 908 3353 accidit,
935 3285 977 3340 ut
992 3285 1068 3340 tres
1085 3289 1192 3368 prae-

54 3369 159 3466 cipue
192 3363 327 3463 gradus
354 3366 395 3435 in
412 3363 517 3461 Algis
550 3364 811 3462 dispiciantur,
850 3366 915 3464 qui
941 3367 1012 3438 rite
1033 3390 1102 3466 pro
1126 3363 1193 3437 tri·

56 3465 171 3538 bubus
190 3462 321 3536 baberi
340 3480 514 3562 possunt,
541 3463 649 3536 nobis
672 3463 786 3560 Algae
809 3487 983 3537 mucosus
1003 3491 1032 3536 s.
1053 3467 1194 3536 Nesto·

61 3566 202 3648 cbinae,
249 3561 364 3658 Algae
397 3561 526 3634 filosae
558 3577 621 3632 aut
651 3561 963 3650 confenoideae,
1014 3580 1053 3636 et
1077 3561 1196 3659 Algae

55 3662 252 3737 frondosae
276 3678 339 3731 aut
360 3660 567 3732 Fucoideae
590 3659 900 3760 nuncupandas«

148 3767 291 3836 Verum
305 3775 430 3830 tamen
450 3783 497 3830 ne
513 3759 553 3830 in
570 3759 720 3832 summis
744 3785 788 3832 ac
806 3757 1089 3860 perfectissimis
1112 3757 1195 3858 qui·

51 3861 137 3932 dcm
163 3857 342 3952 Algarum
372 3856 501 3929 formis
525 3881 651 3932 verum
673 3858 805 3929 lolium
829 3859 1011 3944 exon-itm,
1056 3858 1196 3958 quippe

50 3959 154 4056 quod
195 3955 269 4026 nisi
302 3981 346 4026 ex
387 3944 650 4028 contrarietate
683 3958 740 4041 in,
761 3983 846 4028 vcra
878 3957 1001 4055 lignea
1040 3957 1196 4029 materia

50 4059 139 4128 oriri
168 4054 457 4153 haudquaquam
478 4053 597 4154 possit
604 4081 616 4145 3
649 4055 808 4153 proinde
827 4055 999 4128 omnibus
1018 4053 1109 4154 ligni
1133 4080 1193 4126 cx·

49 4155 216 4254 pertibus
240 4179 272 4228 a·
298 4152 456 4251 anylinis
477 4152 616 4252 plantis
640 4151 801 4224 alienum
827 4173 895 4226 cst.

149 4255 249 4326 Hinc
270 4251 310 4326 lit
331 4269 373 4324 ut
389 4253 504 4350 Algae
524 4275 612 4326 vero
632 4269 766 4326 trunco
789 4277 937 4352 quoquc
958 4271 1021 4326 aut
1042 4249 1195 4324 caudice

52 4371 225 4440 careant,
253 4351 319 4424 sed
339 4349 539 4424 frondes
565 4350 797 4426 solummodo
822 4353 1008 4438 evolvant,
1053 4351 1093 4422 in
1113 4349 1194 4448 qui·

50 4451 119 4526 bus
143 4451 269 4525 trunci
299 4467 338 4522 et
367 4449 451 4524 lolii
479 4449 685 4530 substantia
705 4449 804 4522 inter
830 4475 871 4522 se
898 4450 1058 4526 invicem
1081 4458 1195 4547 pene-

55 4568 152 4625 trata
171 4551 291 4624 adest.
802 4623 833 4688 f
