2760 4922
515 371 697 436 bresma.
1132 385 1174 450 ω

52 579 149 656 qum
171 549 390 628 nutritionis
414 571 553 648 organa
572 549 612 624 in
630 550 707 638 bis,
744 569 787 626 ut
810 553 1105 636 fructificationis
1132 562 1173 636 in

31 627 156 749 lingis
177 647 391 752 praevalere
407 648 587 722 videntur.

30 726 32 774 l
128 753 174 822 In
192 745 416 823 uehentum
433 763 625 868 praeterea
649 749 855 823 accuratius
880 751 1094 832 circumseri
1122 757 1170 832 tis

29 849 156 920 'minus
185 871 298 946 quiam
329 846 370 916 in
399 843 482 918 eltis
522 843 758 920 cellularibus
788 845 876 922 huic
902 848 1058 926 obstant
1103 855 1170 930 tvi·

44 947 132 1021 sioni
156 941 301 1018 formae
335 941 528 1018 inferiores
562 943 863 1044 simplicissimae
891 947 1169 1064 pulverulentos

43 1046 93 1120 vel
119 1065 316 1135 morosae,
363 1039 542 1115 coincidit
564 1042 654 1116 binc
680 1043 809 1114 eadem
831 1043 1075 1122 divisionum
1104 1051 1169 1124 ille

43 1144 80 1216 in
101 1161 311 1218 crusteceos
330 1156 370 1212 et
384 1136 604 1226 frondosos,
631 1139 682 1212 ita
698 1139 795 1214 utin
813 1143 944 1217 formis
963 1143 1093 1220 borum
1112 1149 1168 1222 in·

45 1241 222 1314 termefflis
243 1237 387 1338 'duplex
414 1261 563 1338 quoque
596 1237 710 1311 citata
737 1255 921 1314 structura
952 1242 1168 1320 observetur

48 1342 245 1438 conjtmcta.
296 1342 435 1413 Verum
457 1353 580 1408 tamen
602 1335 641 1408 in
668 1335 857 1410 frondosis
884 1341 1060 1438 perlectis
1088 1369 1165 1416 non
1245 1341 1259 1366 i

47 1439 137 1510 aliud
157 1454 277 1510 strato
300 1433 468 1508 corticali
486 1433 653 1532 subjacet
673 1451 827 1508 stratum
844 1435 1058 1512 distinctum
1071 1443 1166 1515 resi·
1235 1462 1241 1482 ¹

44 1537 220 1621 colosum,
259 1527 307 1604 dd
333 1557 408 1631 quo
432 1555 539 1648 epere
563 1533 808 1626 recentiores,
853 1533 1022 1609 ridentur
1039 1539 1164 1638 potius

44 1636 149 1732 ipsius
172 1629 281 1705 strati
300 1628 487 1704 corticahs
513 1629 667 1704 cellulae
691 1656 713 1703 e
732 1629 834 1704 libris
859 1634 964 1706 strati
989 1636 1165 1708 medulla·

42 1736 86 1806 ris
104 1732 235 1806 intime
256 1725 437 1802 contextis
461 1724 797 1829 conglutinatioque
817 1749 938 1828 ortum
955 1732 1088 1806 ducere
1109 1731 1162 1832 a),
1249 1727 1253 1734 ’

42 1833 134 1930 eujus
155 1825 280 1900 simile
295 1825 464 1898 viderunt
484 1825 523 1898 in
543 1827 638 1900 limis
665 1827 733 1900 cel.
755 1827 971 1916 multius,
1007 1831 1046 1906 in
1065 1859 1162 1906 mus-

41 1931 84 2004 cis
108 1922 522 2010 Hornschuohius‚
560 1923 599 1998 in
625 1925 762 2024 plantis
790 1926 1076 2026 perfectioribus
1103 1928 1161 2030 (in

41 2025 236 2109 nonnullis,
255 2021 297 2096 ni
312 2021 435 2109 fullon
454 2019 554 2112 vere)
581 2022 995 2100 llloldenhswerus.

129 2119 298 2196 strettun
330 2120 502 2210 nimirum
533 2121 711 2195 corticale
742 2123 782 2195 in
813 2123 950 2222 pagine
980 2123 1085 2200 thalli
1106 2124 1160 2198 lu·

40 2249 108 2297 cem
128 2237 327 2322 spectante
375 2219 470 2290 rima
491 2220 677 2318 juventute
701 2237 742 2292 ut
767 2219 964 2317 phuimum
979 2222 1160 2298 intensius
1250 2221 1256 2250 ‘

37 2325 171 2408 virens,
198 2318 289 2392 dein
309 2341 326 2390 s
392 2317 488 2392 aeris
501 2316 669 2416 lucisque
687 2317 834 2406 inlluxu,
851 2337 893 2392 ut
909 2345 1036 2395 omnes
1081 2321 1161 2395 lan·

36 2439 143 2494 tarum
164 2435 292 2520 partes
309 2414 444 2488 virides
470 2416 509 2488 in
525 2413 749 2490 efformanda
763 2417 1007 2516 epidermide,
1031 2347 1078 2494 ad
1099 2446 1159 2494 su.

38 2520 216 2619 perficiem
236 2513 427 2614 hyaliuum
451 2513 572 2586 evadit
604 2513 661 2588 rel
687 2515 854 2590 colorem
883 2517 1005 2591 induit
1040 2519 1159 2591 diver-

43 2643 126 2705 sum,
156 2635 198 2689 ut
226 2614 336 2688 color
352 2609 481 2688 viridis
503 2612 543 2685 in
565 2631 671 2711 parte
691 2629 834 2686 tantum
851 2613 1029 2690 inferiore
1048 2615 1156 2688 strati

44 2701 216 2790 remaneat
235 2709 420 2812 plagulam
442 2709 693 2784 tenuissimam
712 2735 900 2818 occupans
911 2710 973 2805 **)
998 2711 1056 2798 vel
1078 2739 1158 2784 om·
1180 2777 1185 2795 ,

40 2815 118 2886 nino
144 2825 364 2902 evanescam
418 2808 473 2884 sic
507 2806 618 2896 etiarn
654 2809 906 2912 Leprariae
945 2808 1158 2910 similesque

35 2913 130 2984 thalli
147 2909 290 3000 virides
310 2905 359 2980 ad
369 2903 601 3008 superficiem
613 2905 830 3005 pallescunt.
857 2907 917 2980 Ma
944 2906 974 2978 ‘s
991 2909 1157 2990 minusve

33 3012 169 3084 intense
184 3007 299 3082 color
315 3005 488 3080 adhaeret
502 3003 644 3078 cellulis
661 3006 767 3078 strati
786 3004 905 3079 cortic
943 3007 1012 3078 isa
1033 3007 1158 3082 chlo·

32 3106 257 3212 ropbyllo
286 3103 494 3203 plantsmm
520 3104 784 3201 perfectiorum
811 3103 979 3202 chymice
1001 3131 1078 3178 non
1101 3107 1157 3181 di·

31 3233 167 3292 versus,
193 3205 362 3306 priosum
379 3201 418 3274 in
437 3203 601 3274 sectione
622 3201 805 3276 nonsatis
822 3205 926 3278 tenui
947 3202 1070 3276 lumen
1091 3203 1157 3276 obl

31 3327 178 3379 scurans
201 3295 440 3402 speciemque
461 3299 643 3399 praebens
666 3299 899 3400 globulorum
904 3325 917 3394 3
957 3301 1047 3374 alias
1073 3327 1158 3398 gre-

33 3405 105 3477 uuln
128 3398 397 3485 minutissima,
423 3397 541 3472 rarius
563 3400 704 3497 majora
727 3398 892 3500 perfecte
912 3389 1155 3498 sphaeroides·

34 3502 156 3575 sistens
181 3501 224 3572 in
252 3497 440 3572 ooemtlos
463 3495 702 3594 conglobata,
744 3497 896 3570 eosdem
916 3498 1032 3571 rarius
1056 3498 1156 3570 intra

31 3617 177 3674 suatum
202 3594 379 3678 corticole
398 3593 527 3667 ordine
552 3595 714 3696 quodam
738 3595 912 3680 seriatos,
938 3593 1155 3695 plerumque

25 3725 106 3773 tero
122 3693 487 3771 intrasubstantiam
500 3693 606 3766 sueti
623 3691 810 3766 corticalis
827 3692 1014 3790 hyalinam
1030 3695 1158 3766 simul«

25 3823 94 3895 que
112 3800 216 3870 intra
235 3792 343 3866 strati
358 3791 569 3865 medullaris
583 3809 725 3906 partem
742 3791 861 3892 priori
876 3792 1080 3892 proximam
1095 3790 1154 3866 vel

23 3895 118 3969 intra
134 3895 235 3968 berto
256 3890 488 3965 solummodo
505 3889 743 3964 inordinatim
760 3905 958 3988 congestos
975 3891 1152 3990 librisque

36 4178 66 4246 ⁴)
81 4177 163 4231 icon.
172 4175 227 4230 sel.
236 4129 408 4244 capent
417 4177 461 4238 ti.
530 4179 584 4230 let
595 4179 620 4230 2·
641 4173 794 4230 Gomhsno
803 4181 976 4232 structuram
987 4166 1069 4242 prius
1081 4131 1153 4226 non·

86 4243 142 4298 nisi
158 4243 299 4298 instrato
318 4241 450 4298 conticuli
467 4257 503 4322 't
524 4241 657 4312 paginam
676 4239 846 4296 inferiorem
859 4237 986 4310 plurium
1007 4233 1151 4294 lichenum

87 4310 283 4366 foliocsorum
302 4307 516 4368 observassem,
552 4309 634 4377 citius
653 4307 693 4360 ob
712 4307 851 4363 laxiorem
871 4313 1034 4358 contextum
1054 4301 1164 4361 desso-
1264 4318 1269 4328 *
1331 4313 1337 4323 ·

87 4389 207 4453 tumque
224 4371 334 4430 coloris
351 4373 466 4432 facilius
484 4375 711 4449 conspicuum,
738 4372 946 4452 Parmeliscses
962 4369 1089 4446 aliosque
1105 4389 1152 4428 su·

108 4462 179 4501 eme
194 4453 312 4499 tantum
323 4443 476 4502 contentas
491 4441 635 4510 dixeram,
653 4440 732 4518 quod
746 4439 867 4513 amplius
883 4457 941 4495 non
953 4438 1117 4496 delendam.

25 4509 72 4580 ”l
85 4463 164 4570 icoo.
181 4509 236 4570 ssl.
255 4511 277 4564 l.
297 4527 323 4564 e.
