2656 4902
349 239 532 310 Incndttaa.
554 213 783 350 Vaaaucanani
879 315 885 340 Ι
1070 245 1143 314 136·

36 443 62 483 ro
77 421 103 480 in
120 441 211 482 annm
227 420 423 495 coaleacnnt,
444 421 660 506 perithecinm
675 421 851 508 conspicua
869 442 888 485 e
905 424 990 487 binis
1022 423 1131 488 anbdi·
1232 465 1236 472 ·

36 506 150 567 nidiatia
164 506 374 586 compositum
391 509 499 570 medio
514 507 630 570 baaeoa
647 510 839 590 imprecanm
855 523 887 570 et
898 520 990 569 acute
1008 505 1130 574 intror-

34 589 289 670 ann'prominena
302 612 462 675 supraque
482 591 521 652 ad
539 593 637 653 latera
655 593 766 655 ostioli
782 592 991 656 incrustatum
1011 607 1071 666 eat,
1092 607 1130 656 ut

34 675 114 735 sectio
133 673 271 753 ejusdam
294 676 454 736 verticalis
470 675 721 738 obcordisorrnis
740 690 902 760 appareat.
937 675 1066 738 'Phaone
1084 678 1132 754 el·

33 758 573 838 liptico·lusiiormestriannulatae,
605 761 730 824 annulis
754 761 1000 838 recedentibus,
1035 780 1132 826 aenne

33 856 142 904 octonae
158 844 240 905 ascia
256 841 383 906 clavato
393 880 406 893 ·
416 843 602 924 cylindricia
624 844 775 908 inclusae,

93 951 203 1016 Crescit
220 956 266 1018 nd
282 957 433 1020 corticem
440 957 604 1040 juniorem
622 959 656 1021 in
677 956 842 1022 Bruailiua
865 955 1030 1025 Freireias.

186 1141 545 1198 lunanaueama
580 1149 901 1219 ocnaoneuca.
929 1138 949 1204 †

97 1249 125 1310 l.
146 1264 253 1313 crusta
268 1264 375 1314 cerata
400 1253 614 1337 subpruinosa
637 1236 850 1330 oohroleuca,
873 1252 1054 1337 apotheeiia
1071 1253 1132 1316 mi·

40 1333 97 1417 nntia
114 1333 265 1415 globoso·
278 1337 402 1400 conicio
425 1357 575 1400 verrucae
591 1337 682 1420 apice
697 1338 825 1401 demum
844 1338 1041 1420 nigricantea
1058 1339 1130 1421 plu·

37 1434 72 1475 res
85 1413 271 1480 confluentes
283 1419 453 1484 inminuta·
477 1421 630 1507 papillula
646 1422 855 1506 punctiiormi
874 1420 1129 1506 perferentibus.

92 1529 171 1594 Icon.
191 1533 251 1596 ael.
276 1544 428 1620 cryptog.
450 1535 517 1600 tab.
534 1530 640 1620 lifig.
664 1535 726 1600 IV.
754 1546 785 1598 et
809 1537 876 1598 III.
906 1533 1047 1600 1.-6.

92 1647 212 1712 Thallus
235 1664 437 1728 crustatum,
458 1653 521 1714 late
539 1651 681 1726 effusus,
703 1652 840 1714 maxime
864 1650 1041 1735 laevigatus
1067 1671 1129 1714 uec

37 1729 136 1808 nitidus,
155 1735 370 1808 duriusculua,
394 1735 646 1820 aubpruinoaua,
676 1736 796 1799 coloris
822 1735 989 1818 purissimi
1013 1734 1130 1797 ochre-

34 1812 92 1876 lanci
104 1818 184 1880 nollo
201 1821 300 1883 modo
316 1817 350 1882 in
369 1819 506 1884 viridem
526 1823 575 1885 vel
589 1823 713 1884 succum
728 1821 909 1903 vergentis,
930 1819 965 1881 in
987 1819 1128 1882 confinio

32 1897 139 1978 plurium
162 1905 719 1990 speciminuuunigro·nrarginatua.
763 1904 1045 1970 Verrucaerariua
1065 1903 1129 1964 ain-

33 1983 97 2062 gnlac
113 1988 249 2050 minutae
270 1990 458 2074 plerumque
474 2005 667 2074 aggregatae
688 1985 889 2053 confluentes
903 2000 938 2050 at
954 1989 1128 2070 praecipue

34 2068 55 2123 in
71 2069 129 2130 loco
143 2073 236 2137 natali
256 2073 411 2136 uberiore
442 2093 591 2138 verrucae
617 2074 811 2156 compositae
832 2073 971 2154 majores
991 2069 1131 2134 tumidu-

32 2147 61 2209 lns
76 2153 207 2232 pluribun
231 2158 362 2221 ostiolia
381 2171 506 2220 notatae
528 2157 831 2241 ,Trypethelii
849 2155 888 2218 ad
905 2158 1060 2239 speciem,
1084 2159 1128 2230 si·

30 2237 317 2304 nodoauhstantiam
335 2241 523 2304 cortinalem
541 2242 709 2304 obductam
734 2241 874 2324 excipis)
904 2239 1125 2317 efformantea,

32 2315 102 2389 (5⁶⁰tt·
112 2322 160 2382 011·
168 2318 241 2408 fig.
257 2327 277 2384 I
282 2329 315 2390 V.
337 2327 382 2402 2.)
406 2326 527 2386 coloris
548 2327 582 2387 in
606 2325 768 2389 nonnullis
785 2325 813 2386 ai
830 2345 903 2387 cum
918 2322 1017 2387 thallo
1041 2324 1143 2400 inte·⁸

32 2419 72 2478 gro
90 2425 256 2487 comparas,
277 2430 388 2494 parum
406 2409 596 2488 albidioria3
627 2411 756 2474 eaedem
778 2409 904 2471 demum
936 2408 976 2470 ad
1004 2409 1129 2490 apicem

31 2485 92 2548 circa
103 2493 249 2568 ostiolum
279 2515 317 2554 ex
337 2494 509 2576 apothecio
540 2495 640 2578 magis
655 2509 806 2578 protrnao
829 2493 1038 2574 nigricantee,
1058 2513 1128 2552 eae·
1176 2541 1180 2554 ,

30 2567 80 2646 pina
100 2572 215 2637 ibidem
238 2577 403 2659 eleganter
421 2599 503 2640 zona
521 2579 661 2660 simplici
679 2581 728 2642 vel
748 2577 869 2658 duplici
886 2577 989 2637 albida
1002 2579 1036 2654 (e
1053 2573 1127 2636 aub-

31 2657 210 2734 stantiathalli
224 2662 387 2744 apothecii
405 2663 601 2744 emergentia
621 2684 684 2745 ope
702 2661 845 2741 sejuncta
869 2659 955 2721 circa
977 2658 1128 2720 ostiolum

29 2737 145 2811 residua)
167 2759 313 2818 notatae,
343 2745 517 2821 nonnullae
551 2745 613 2808 hoc
640 2766 715 2808 enan
739 2745 810 2805 sore
831 2743 1020 2825 duplicatae,
1043 2743 1126 2802 sicut
1239 2758 1244 2767 “

30 2816 205 2892 indivisione
223 2852 298 2890 mox
314 2851 348 2892 ac
375 2847 469 2892 uento
494 2829 630 2892 obtinet.
672 2828 851 2914 Apothecia
878 2829 998 2890 minuta
1024 2845 1126 2909 punc·

28 2903 170 2972 tisorniae
191 2913 297 2978 torma
317 2853 450 2997 gladiose
466 2935 507 2978 co
527 2915 628 2998 magia
652 2915 684 2976 in
711 2912 902 2976 conoideam
927 2923 960 2974 et
983 2911 1126 2973 turbina·

28 2997 72 3048 tan
93 2993 213 3070 abeunt,
244 3020 308 3084 quo
332 2999 433 3082 aragia
456 3019 611 3062 verrucae
641 3000 900 3080 conglomeratae
923 3008 956 3056 et
980 2996 1123 3058 elevatae

29 3087 102 3134 sunt:
126 3081 344 3144 Perithecium
365 3081 494 3164 saepius
511 3082 550 3144 ad
565 3083 711 3172 pagiparn
730 3082 919 3145 interiorem
942 3079 1038 3142 modo
1058 3081 1125 3142 sin·

29 3157 105 3233 gnlnni
119 3163 459 3246 globoso-cellulosum
480 3165 579 3244 (icon.
603 3167 658 3233 cit.
671 3160 739 3250 fig.
754 3163 811 3228 IV.
833 3165 879 3243 3).
902 3162 1031 3226 Thecae
1041 3165 1123 3226 aliae

28 3257 116 3316 parvae
132 3248 385 3332 aubcylindricae
405 3249 635 3325 triennalem,
665 3252 746 3312 aliae
761 3251 863 3332 magia
881 3249 1045 3330 cllipticae
1070 3267 1122 3310 ee·

28 3341 67 3382 nae
84 3344 210 3396 octonae
232 3336 314 3397 ascia
332 3335 672 3416 clavato-cylindricia
692 3333 847 3400 inclusae.
887 3335 1010 3422 Sperne
1026 3332 1121 3396 binae

28 3423 166 3492 quaternae
181 3418 346 3501 globosae.
393 3416 499 3498 (Icon.
523 3418 576 3481 cit.
587 3413 691 3504 figrl
699 3423 731 3482 V.
754 3419 811 3498 4.)

87 3529 200 3606 Incolit
220 3533 371 3596 corticem
389 3532 543 3595 orborum
559 3531 857 3618 'sempcruirentinm
872 3527 980 3614 (ligno
994 3553 1121 3616 pnrpu-

28 3621 64 3697 tao
90 3611 289 3691 donaturum)
318 3639 422 3700 prope
446 3616 580 3693 Caite'ta,
604 3611 743 3698 confinia
769 3615 981 3679 Vertucuriae
1001 3639 1120 3678 aeneae

24 3687 102 3760 (¹⁶011·
118 3699 168 3762 cit.
184 3694 250 3782 fig.
279 3699 348 3767 III.
375 3707 417 3781 1.)
455 3713 486 3766 et
505 3723 609 3786 prope
634 3701 777 3764 Badium
800 3695 939 3779 confinis
962 3699 1122 3784 Grapbidi
1224 3705 1227 3718 '

28 3790 136 3866 tertosae
158 3805 227 3870 uer.
254 3783 422 3868 eleganti,
461 3783 724 3872 Lejogrummuti
756 3784 934 3858 isabellino,
947 3839 951 3845 .
965 3783 1124 3868 Glrplridi

28 3865 214 3947 cicatricosae,
235 3889 372 3934 necnon
398 3869 540 3934 aliarum
562 3869 718 3934 arborum
738 3870 830 3934 linter·
857 3869 978 3933 Villam
997 3871 1039 3930 do
1056 3868 1121 3930 ttio

29 3937 70 4004 lat
85 3945 197 4018 Cottiae
209 3951 430 4018 etMnracaa.
640 3956 643 3977 ¹

253 4101 608 4203 wivnnnnca‘ara
633 4149 818 4198 annosa.
851 4136 869 4200 i
1039 4123 1055 4152 '

55 4211 58 4215 Δ
90 4243 124 4311 V·
145 4249 424 4338 cruataaequabili
443 4252 552 4319 albido
570 4254 779 4340 palletcente,
802 4246 948 4318 verrucia
965 4245 1129 4324 conduen-
