2656 4902
144 355 154 370 ι
195 301 258 376 132
542 272 726 331 bresanus.
748 257 974 328 Vnsaucsms.
1017 267 1020 270 ·
1108 265 1114 276 -

200 467 376 546 situdinis,
396 461 477 523 aliae
496 449 636 532 majores
654 430 923 525 praecedentibus
944 427 1045 511 triplo
1064 420 1245 506 ⁸breuiores,
1261 417 1299 480 fu·

143 639 145 646 y
205 554 332 628 siformi
354 584 368 596 -
385 541 575 625 ellipticae,
609 528 762 609 utrinque
799 517 1017 584 acuminatas,
1048 527 1159 590 sporus
1179 515 1301 594 quatum,

138 672 143 711 t
205 641 339 730 'quarum
355 633 452 694 binae
472 619 598 699 mediae
615 611 763 692 majores,
785 603 955 678 foventes3
972 596 1056 657 aliae
1077 593 1129 653 his
1153 583 1304 673 quadruplo

142 729 165 808 f
205 724 397 792 breviores,
438 721 572 777 ovatae,
608 697 701 761 binas
737 689 884 777 sporulas
916 705 937 744 a
960 699 996 744 se
1025 677 1164 742 invicem
1189 681 1304 734 remotas

202 815 363 879 foventes.

288 944 407 1029 Crescit
427 959 501 1026 cum
514 927 733 996 antecedente.

296 1098 445 1166 Adnot.
466 1083 563 1148 Licet
584 1078 618 1138 in
637 1069 790 1155 piantulis
802 1065 855 1128 his
868 1060 956 1125 binis
974 1053 1147 1140 descriptis
1158 1046 1302 1116 sumntu-

210 1209 274 1278 que
290 1197 364 1248 octo
382 1165 614 1256 speciminibus
628 1181 693 1222 non
712 1168 838 1218 tuntum
859 1150 972 1226 thecae
999 1152 1185 1205 constanter
1206 1131 1301 1195 omniu

203 1276 373 1338 diversam
388 1259 527 1322 habeant
543 1241 816 1326 magnitudinem,
837 1234 974 1314 formam
989 1241 1022 1288 et
1037 1237 1243 1290 annotatam,
1268 1211 1302 1275 sel

213 1359 310 1422 etiam
335 1344 456 1432 prioris
483 1329 652 1422 apothecis
681 1315 866 1386 constanter
886 1315 963 1394 (vel
981 1329 1118 1374 verruca
1143 1299 1303 1371 deficiente)

208 1458 335 1506 sursum
352 1424 524 1494 suhcbnica
540 1416 616 1484 sint,
638 1421 764 1472 crustae
787 1416 936 1486 preterea
960 1395 1111 1458 identitas
1136 1386 1260 1450 levioris
1270 1381 1304 1442 lic

207 1519 362 1588 momenti
378 1514 429 1582 sit,
460 1524 531 1570 curn
553 1493 753 1576 ‘Grapltis
776 1489 871 1551 citata
893 1481 1057 1546 incudem
1076 1474 1199 1539 cortice
1218 1471 1303 1548 degens

207 1612 262 1676 vix
278 1602 378 1686 magis
397 1595 555 1656 diversam
574 1581 690 1643 habeut
707 1586 864 1640 crustam,
894 1555 1062 1646 utramque
1085 1575 1194 1622 tamen
1216 1553 1306 1636 plantu-

207 1697 269 1760 lam‘
286 1709 348 1772 pro
363 1678 477 1765 specie
493 1670 695 1747 distinguere
709 1655 865 1732 haesitavi
884 1652 925 1713 ob
940 1649 1082 1711 habitum
1094 1642 1193 1705 nimis
1204 1641 1314 1700 consen-⁴

209 1767 488 1844 taneum,‘locum
520 1751 659 1816 natalem
695 1742 852 1812 eundem,
882 1731 1128 1817 apotheciorum
1153 1715 1314 1806 magnitudis

207 1881 282 1925 nem
296 1856 351 1919 vix
366 1849 542 1912 diversam,
566 1849 716 1896 verrucae
731 1826 827 1888 etism
843 1813 918 1882 dein
941 1804 1071 1902 quoque
1099 1813 1136 1873 in
1162 1809 1262 1892 priore
1275 1823 1307 1860 su·

208 1943 307 2006 binde
323 1933 424 2018 magis
437 1926 581 1988 minusve
593 1913 792 1979 deficientes.
837 1910 1010 1968 Praeterea
1021 1891 1310 1961 thccurumfomau

207 2029 242 2090 in
257 2025 328 2088 aliis
347 2031 475 2104 quoque
495 1999 665 2086 speciebus
682 1991 855 2074 descriptis
867 1985 1086 2070 negleximus,
1115 1999 1190 2041 cum
1214 1976 1243 2034 in
1262 1957 1314 2052 piu-i

206 2112 298 2174 ribus
315 2106 453 2168 formam
472 2089 649 2175 perfectam
680 2094 713 2141 et
737 2075 914 2140 normalem
936 2070 979 2132 ob
1003 2079 1119 2129 statum
1149 2061 1314 2132 exsiccatur

197 2210 242 2260 ·et
256 2204 393 2256 aetatem
409 2183 564 2254 incertam
582 2185 697 2242 eruere
707 2183 772 2238 non
784 2155 998 2242 potuerimus,
1021 2163 1053 2210 et
1069 2168 1111 2228 pe
1132 2131 1230 2208 nimia
1244 2135 1314 2206 uobis}

178 2295 184 2314 ¹
212 2276 386 2359 obiiciatur
411 2257 654 2326 distinctionum
693 2258 857 2308 minuties.
918 2234 1104 2320 singulares
1115 2237 1269 2292 ”ceterum
1289 2219 1314 2280 lt

208 2363 321 2449 priore
341 2355 507 2417 thecatum
522 2331 760 2428 magnitudoket
777 2325 930 2412 opacitas,
954 2319 988 2380 in
1005 2321 1105 2379 altero
1120 2313 1248 2376 babitus
1262 2319 1312 2451 aa

175 2453 181 2468 ‘
207 2435 490 2512 theciorumsitus
511 2440 655 2486 necnon
678 2415 763 2475 basus
787 2405 1033 2494 apotheciorum
1050 2411 1216 2465 attenuata
1237 2392 1278 2479 pri
1313 2429 1314 2438 κ

26 2555 29 2566 ·
126 2579 132 2586 .
209 2527 341 2619 generis
364 2513 503 2586 sectioni
525 2505 729 2578 accedentes.
821 2563 825 2566 ,

173 2887 176 2894 ’
214 2933 220 2940 .
288 2873 331 2944 V.
362 2882 469 2934 crusta
497 2841 672 2926 incrassata
710 2852 947 2911 osseo-cerata
978 2833 1135 2916 laevigata
1171 2818 1314 2892 tutu'idults

213 2961 363 3030 diffracta
388 2943 530 3016 auradtia
542 2932 752 3024 ,apotheciis
768 2927 892 3010 magnis
907 2916 1160 3004 emergentibus,
1182 2924 1266 2998 parte
1282 2923 1314 3060 sq

209 3046 342 3134 periore
358 3035 505 3104 decidua,
543 3021 687 3088 verrucis
710 3012 875 3102 sub‘nullis.

294 3131 471 3216 specimen
479 3119 610 3208 quidem
620 3128 764 3174 mancum
778 3104 837 3167 sed
850 3093 1140 3164 distinctissimum,
1155 3103 1191 3150 ut
1203 3083 1254 3149 alii
1265 3083 1314 3460 lpp

434 2705 835 2786 :tuvusauoanu‘
862 2699 1045 2752 caussa.
1078 2682 1097 2749 i

210 3222 275 3290 cici
291 3213 432 3280 adscribi
447 3217 593 3291 nequeat.
638 3192 768 3258 Thallus
786 3199 971 3250 crustaceus
987 3175 1206 3240 ctussttudiue
1222 3170 1280 3232 fcro
1293 3161 1307 3218 lt

209 3325 303 3373 neam
327 3297 519 3380 adaequans,
542 3289 651 3354 durus,
674 3274 766 3338 rimis
786 3269 951 3336 diffractos
969 3260 1142 3346 profundis
1158 3256 1255 3326 rectis
1267 3265 1309 3331 qut

210 3383 433 3465 si-insculptis,
455 3368 627 3456 superficie
650 3351 863 3443 inaequabili,
893 3347 1084 3412 caritatibus
1097 3341 1228 3404 eudem
1250 3329 1307 3394 mod

213 3473 306 3562 quasi
323 3467 448 3536 incisis,
472 3455 607 3539 singulis
629 3450 706 3512 ve‘ro
725 3439 868 3526 partibus
880 3433 1066 3516 laevigatus,
1088 3425 1214 3491 coloris
1236 3433 1314 3482 eursu

163 3559 172 3567 ”
213 3559 264 3632 tii.
308 3532 710 3635 Apotheciaomergcntia,
745 3527 872 3587 demum
897 3539 956 3602 pro
984 3505 1225 3599 partedi'midia
1248 3503 1297 3562 den

218 3645 290 3706 data
305 3662 322 3701 a
340 3633 428 3697 tenui
450 3647 528 3691 vero
545 3623 658 3684 lantino
675 3608 816 3676 thallode
835 3603 990 3673 obducta,
1014 3598 1119 3658 minus
1146 3595 1270 3654 intense
1291 3601 1307 3639 1¹

215 3747 289 3814 gra,
318 3709 587 3802 praecedentibus
615 3703 667 3763 vix
692 3697 826 3764 minora,
850 3684 1059 3770 sequentibus
1082 3676 1216 3758 majora,
1244 3675 1309 3732 aetal

213 3805 421 3896 provectiore
443 3807 568 3878 partem
596 3781 798 3866 superiorem
819 3771 1054 3856 prominentem
1074 3757 1267 3826 emittentis,
1289 3747 1314 3836 lq

214 3894 320 3962 scolis
344 3883 469 3947 relictis
500 3873 615 3958 nigris·
635 3857 917 3944 hemisphaericis,
957 3849 1093 3912 subinde
1122 3839 1314 3928 angulosisf

215 3969 509 4064 profundioribus,
532 3975 639 4040 neque
670 3942 853 4034 perithecio
890 3956 995 4022 neque
1028 3949 1167 3998 verruca
1209 3911 1314 3987 thallod

130 4097 137 4106 ·
172 4053 174 4061 ¹
219 4055 417 4147 marginatis.
602 4135 606 4144 ἱ

231 4255 239 4264 -
301 4200 423 4268 Crescit
433 4193 476 4258 nd
491 4189 646 4252 arborum
661 4175 795 4241 cortices
809 4172 842 4234 in
854 4163 1009 4232 ,Brasilt'a
1030 4157 1200 4245 (Selium).
1232 4138 1314 4220 Vuiii

144 4310 146 4318 ’
208 4286 319 4378 ,Ηενᾶ
341 4287 425 4370 Reg.
447 4270 560 4342 Bercl.
