2760 4922
201 395 244 466 58
321 354 327 364 .
668 395 857 461 Lucenses.
911 407 932 450 r

100 627 113 674 s
202 579 338 666 nenti,
390 603 476 656 eum
507 577 554 650 sb
575 575 877 652 ills-secuudum
899 573 1055 647 tbsllum
1086 574 1207 648 miuus
1233 601 1337 650 rece·

202 677 284 763 dut,
335 676 494 752 formem
525 675 699 748 nimirum
729 673 787 749 rel
812 671 1055 772 globosum
1074 672 1135 745 rel
1160 672 1338 748 discoi-

60 851 64 860 ,
203 773 331 848 deam
353 773 410 868 (in
435 773 724 872 Grepbideis
751 771 995 870 cylindri'esm
1019 771 1338 870 etplanoscaue-

88 921 98 928 -
200 869 408 966 berlaum)
434 872 568 946 iisdem
590 873 683 946 haee
709 897 793 950 eum
815 870 940 944 tballo·
957 870 1119 945 obuoxia
1140 890 1197 946 est
1220 872 1336 946 vicis-

201 971 445 1046 situdinibus:
472 971 627 1044 ulterior
640 970 814 1044 nimirum
833 969 954 1046 form
976 967 1179 1070 perstetior
1202 969 1338 1042 sedern

201 1069 314 1144 modo
326 1069 475 1144 selibra
491 1096 512 1142 e
526 1064 660 1142 cellula
675 1068 842 1167 globosa,
870 1068 1116 1140 communiter
1129 1085 1251 1140 ortum
1266 1070 1338 1142 dn·

203 1167 297 1242 cite
343 1168 459 1254 riore,
497 1168 724 1268 eandemque
750 1165 870 1267 primu
890 1169 1076 1265 juveutute
1104 1187 1250 1266 semper
1277 1193 1340 1238 re·

201 1265 273 1342 tert
288 1191 349 1361 *il
389 1267 476 1340 hine
499 1265 640 1341 similes
666 1264 886 1339 evolationis
909 1276 1025 1338 matus
1048 1264 1244 1339 retardati=
1280 1267 1340 1338 sie

96 1420 99 1432 .
202 1362 509 1452 iu-Leoideis,
537 1363 1132 1450 ‘Urceoleriis,·Parmeliis
1157 1363 1339 1438 scutellae

202 1461 359 1540 subinde
391 1460 570 1560 globosae
600 1479 812 1549 remanent,
855 1461 1085 1560 formamque
1118 1463 1214 1536 hanc
1248 1487 1340 1562 spu·

202 1561 314 1647 riam,
351 1575 393 1634 ut
413 1587 517 1636 suam
542 1561 697 1648 thallus,
736 1560 920 1644 lumniose
940 1560 1147 1640 'crescendo
1175 1578 1338 1648 servent,

390 1659 591 1747 nonnullae
632 1685 702 1762 pro
738 1658 1068 1744 Verrucariis,
1124 1657 1338 1746 Porinis‚

201 1681 501 1858 marpis
545 1759 752 1858 descriptae
789 1774 896 1848 sunt,
950 1773 1103 1830 econtra
1140 1755 1341 1855 apothecis

202 1855 360 1952 globosa
392 1881 425 1926 v.
454 1881 486 1928 e.
527 1857 800 1955 Eudooarpi
832 1854 1093 1954 adaperiuntur
1125 1871 1167 1927 et
1199 1855 1341 1928 scutel-

96 2033 102 2048 ἱ
200 1953 259 2028 lus
284 1950 467 2026 referunt:
505 1953 594 2026 bino
627 1953 765 2026 similes
789 1949 932 2026 formae
957 1951 1216 2038 intermediae,
1257 1981 1341 2027 non

85 2079 90 2096 ¹
202 2050 347 2150 speeies
389 2067 533 2128 tuntum
576 2054 644 2126 sed
677 2075 812 2151 genere
855 2052 1013 2149 integra,
1073 2077 1108 2122 r.
1152 2076 1184 2124 e.
1223 2053 1342 2124 Tbe-

202 2149 421 2236 lutreme,
447 2150 704 2250 Diorygme
727 2163 908 2236 uestrum,
935 2149 1140 2264 Graphis
1165 2151 1340 2248 Meyer,

154 2323 158 2332 ,
203 2272 298 2350 qstae
330 2247 509 2346 imprimis
533 2247 839 2351 -Graphideas
864 2266 1011 2321 nostras
1032 2247 1163 2318 mtime
1180 2248 1343 2344 coujun-

202 2363 311 2443 gunt,
353 2371 475 2446 neque
515 2372 599 2420 cum
631 2347 817 2443 Meyero
855 2345 903 2418 ad
940 2347 1341 2446 Hymenoosrpos

203 2467 332 2523 omnes
349 2445 487 2518 referre
512 2443 658 2536 sinunt3
686 2442 954 2543 Graphides
980 2442 1164 2531 nimirum,
1188 2459 1231 2515 ut
1250 2469 1341 2516 cae·

202 2559 282 2618 tera
298 2553 459 2626 taceam,
485 2541 657 2626 nucleum
674 2541 802 2619 fovent
825 2540 940 2638 magis
965 2543 1141 2616 minusve
1155 2542 1342 2644 cylindri·

202 2665 287 2720 eum
323 2639 566 2738 consistentia
598 2640 637 2715 et
665 2657 850 2714 structure
879 2640 1149 2740 microseopiea
1179 2642 1342 2714 omnino

201 2757 244 2814 ut
274 2739 315 2812 in
348 2739 669 2826 Verrucsriis,
710 2738 931 2811 adultiorem
965 2729 1115 2836 quidem
1151 2738 1190 2810 in
1223 2741 1342 2812 Grn-

236 2835 459 2911 bideAch.
474 2853 511 2910 et
525 2838 564 2910 in
578 2838 743 2911 sectione
754 2837 781 2909 Β
791 2835 996 2935 caphide
1015 2837 1160 2938 saepius
1173 2859 1342 2936 superne

201 2863 357 3010 {demto
365 2958 383 2992 '-
392 2935 666 3034 complanatum
672 2984 684 3021 ,
720 2937 760 3006 in
791 2935 873 3008 eliis
898 2959 986 3007 rero
1010 2935 1191 3033 imprimis
1218 2937 1285 3034 Op
1298 2961 1343 3006 e-

203 3057 292 3132 gra>
324 3033 410 3136 bae
435 3034 542 3106 Acb.
570 3033 763 3133 speciebus
795 3033 990 3106 discessu
1015 3035 1111 3106 rima*
1137 3034 1345 3134 perithecii

131 3197 135 3202 .
201 3057 548 3214 nenlatiusbisnte
568 3157 679 3230 quam
698 3131 1151 3231 Verrucariaeporus.
1201 3133 1262 3203 Ne

201 3245 410 3330 praeterea,
458 3229 559 3328 quod
587 3231 717 3329 adjicit
747 3229 815 3304 cel.
846 3229 1020 3328 Meyer,
1064 3227 1192 3302 thecae
1214 3155 1345 3300 intpp:

86 3375 88 3396 .
202 3328 304 3408 mine
335 3327 521 3426 proligera
558 3353 668 3442 qurum
697 3329 737 3401 in
774 3327 907 3410 nucleo
944 3327 1060 3426 magis
1091 3327 1345 3428 persistentes

202 3444 300 3512 suut,
323 3441 499 3524 utraeque
514 3449 613 3498 emm
625 3425 926 3500 disseminatione
942 3449 1011 3527 pro
1038 3425 1204 3498 ullulant-
1257 3427 1347 3498 Me-

148 3549 157 3558 ·
202 3520 274 3600 lius
300 3523 391 3598 dicit
416 3526 484 3599 cel.
515 3525 725 3600 Friesius
751 3523 963 3598 nucleum
988 3520 1023 3624 (t
1050 3549 1133 3598 eoas
1158 3524 1346 3597 nimirum

80 3631 100 3644 “
202 3617 853 3738 foventem)persistentemrel
878 3622 1148 3710 solubilem,
1189 3623 1257 3697 sed
1281 3623 1345 3696 al·

201 3739 320 3800 teram
332 3720 554 3798 divisionem
571 3723 752 3822 ejusdem:
778 3719 952 3794 nucleo
975 3721 1341 3809 indurescente,

201 3820 339 3991 ¹{struens
375 3818 563 3920 prioribus
603 3821 701 3895 varie
744 3819 981 3894 intermedias
1031 3819 1203 3912 exhibere
1250 3820 1345 3920 ipse

218 3936 348 3992 aletur·
640 3957 647 3970 ¹

266 4013 469 4098 ,sthene
490 4034 681 4116 praeterea
713 4016 908 4116 apothecis
937 4015 1075 4091 similes
1107 4041 1191 4090 eum
1214 4014 1347 4089 thello

205 4114 543 4214 diversissimas'que
568 4141 611 4188 ex
635 4131 776 4200 aetate,
819 4115 905 4188 loco
921 4113 1046 4191 natali
1072 4113 1227 4216 aliisque
1255 4140 1350 4186 mu-

199 4214 361 4290 lstioues
396 4212 559 4300 formae,
605 4211 762 4286 eoloris:
812 4239 898 4296 mox
930 4213 1135 4288 indurescit
1166 4209 1347 4300 nucleus,

84 4345 89 4362 ,
202 4331 287 4385 mor
305 4311 520 4392 admodum
546 4308 872 4413 Spaeropbori
897 4311 1146 4414 inpuberem
1169 4309 1345 4404 lstiseit;

238 4535 269 4606 ⁴l)
285 4537 347 4598 (lle.
365 4535 490 4596 tuens·
507 4537 547 4598 sd
559 4539 768 4598 Perueliseess
786 4517 949 4598 observata.
