2656 4902
331 240 513 322 licostenes.
534 245 723 308 Pannissus.
1047 255 1111 320 179

3 422 230 496 armeliis,
251 420 463 500 necmirum,
478 423 616 489 -thallum
635 420 826 490 librillosmn
848 427 1009 510 excipulis
1030 449 1105 510 gan·

0 507 250 576 ·erefibrillosis.
278 537 320 552 -
354 505 429 572 Alio
454 527 551 570 sensu
580 509 865 574 Wullrothius
902 513 1105 584 acutissimus

23 615 155 660 sneam
176 609 332 673 usurpare
349 591 486 664 ridetur,
508 593 766 667 Romalinas,
789 597 1030 657 Cetrrriam
1055 599 1104 658 is·

10 680 207 748 andicam,
229 680 450 738 Borreram
474 677 892 759 chrysophthalmam
916 679 1008 742 Acls.
1032 699 1104 748 curu

0 764 130 828 llinibus
148 761 210 822 buc
233 758 397 833 referens,
425 774 464 822 ut
487 764 722 837 Usneaceas
749 765 921 844 complecti
959 764 1105 826 videatur

1 853 89 910 lima
106 846 202 926 nobis
221 854 255 904 et
277 843 449 906 Friesio
472 846 676 928 propositas3
699 847 776 906 haec
790 869 867 908 vero
879 849 1008 910 nonnisi
1025 850 1104 909 thal-

6 933 185 1014 outrinqne
198 927 371 1002 concolore
391 950 408 989 a
430 930 657 992 Parmeliis
681 931 836 1014 distingui
863 948 995 1014 possunt
1021 933 1079 1006 (cf
1096 981 1104 994 .

0 1040 77 1100 upra
92 1017 204 1076 adnot.
227 1033 258 1096 p.
276 1013 343 1090 55.)
356 1011 454 1094 'cujus
473 1010 863 1099 quideminconstantiam
882 1018 1057 1099 praecipue
1071 1021 1106 1080 in

27 1099 217 1178 atraciis,
255 1092 455 1160 Borreris'
499 1098 661 1171 nonnullis
694 1098 873 1162 Aclrarii
915 1101 1135 1182 conspicere'

0 1189 76 1256 ieet,
93 1201 154 1244 ncc
178 1180 356 1241 consultum
378 1179 518 1256 videtur,
541 1204 559 1244 a
580 1183 798 1246 Cetrariis
821 1185 973 1270 utrinque
991 1206 1110 1248 concn-

15 1269 107 1331 oribus
121 1267 201 1328 alias
218 1271 389 1326 ‘removere
409 1261 589 1328 discolores
609 1267 740 1350 quidem
759 1268 816 1328 sed
841 1271 951 1332 subtus
985 1270 1109 1353 glabras

2 1374 54 1414 uec
74 1351 269 1424 radicantes,
294 1349 435 1412 scutellis
459 1343 678 1415 deiu'ad'natia
695 1371 796 1450 aeque
820 1351 1000 1432 distinctas,
1031 1375 1061 1416 v.
1081 1377 1108 1416 c.

2 1441 115 1499 Parra.
141 1433 509 1516 albo;punctatam
531 1435 617 1498 infra
645 1429 899 1498 describendum.
943 1437 1110 1522 Siquidem

3 1521 35 1584 ob
55 1515 306 1582 Iloccellam
328 1539 345 1578 a
366 1518 620 1582 Wallrothio
642 1518 682 1580 ad
710 1519 947 1580 Parmclias
975 1520 1110 1584 relatam

6 1605 142 1688 suspicari
159 1601 237 1664 licet
261 1603 435 1666 ductorem
464 1606 626 1668 Usucae
648 1621 723 1666 suae
747 1601 977 1681 hypotheciuus
997 1603 1111 1668 deesse

5 1691 115 1772 opinari,
143 1683 282 1747 cundem
303 1687 465 1750 commisit
484 1705 643 1763 errorem,
667 1707 764 1772 quern
781 1689 976 1769 Mcycrus
997 1689 1037 1752 de
1055 1711 1112 1775 ge·

1 1791 144 1835 ueresuc
164 1770 393 1832 Parmelia.
744 1801 747 1808 ·

69 1861 248 1918 Praeterea
268 1856 435 1917 Usncae
462 1853 873 1938 chrysophthalmae
908 1868 942 1918 et
971 1855 1127 1918 coral-'

0 1941 92 2004 oidi
131 1939 200 2002 suis
231 1943 354 2002 Auctor
374 1939 524 2011 scutellas
547 1939 929 2018 attribuitrterminales3
968 1939 1003 2002 id
1033 1962 1112 2005 vero

0 2049 24 2086 ιι
42 2027 154 2086 iornri's
174 2022 325 2106 pendulis
346 2045 403 2082 nus
431 2045 502 2084 uam
523 2021 731 2102 observatur,
753 2023 790 2084 in
807 2024 925 2086 erectis
945 2024 1021 2086 dein
1041 2045 1115 2088 scu·

10 2111 77 2171 ellae
94 2107 249 2194 geniculo
264 2103 353 2168 thalli
366 2045 611 2178 rellexiasiixac
622 2120 706 2184 sunt,
730 2107 821 2190 cujus
835 2129 917 2190 apex
934 2122 1026 2190 parte
1043 2132 1119 2194 qua·
1179 2151 1180 2164 ι

18 2218 56 2254 ιιι
73 2214 149 2255 cum
185 2190 332 2274 excipulo
364 2203 518 2273 connatus
541 2193 756 2276 communiter
782 2213 821 2254 ex
850 2191 994 2272 ejusdem
1022 2193 1120 2258 dorso

4 2279 133 2340 recedit
157 2273 221 2356 (ab
258 2275 438 2337 Achario
470 2264 724 2358 'ippt'sudiculum
745 2276 962 2356 nominatus),
992 2278 1044 2340 vel
1065 2277 1121 2340 ubi

4 2365 39 2424 ic
64 2364 172 2424 rarius
193 2359 300 2435 deest,
330 2357 371 2420 ad
405 2363 584 2444 marginem
614 2359 818 2424 scutellarum
848 2359 906 2424 sub
935 2361 1040 2424 forma
1076 2363 1123 2425 ci-

0 2449 47 2509 liae
65 2449 114 2510 vel
144 2447 288 2506 binarum
309 2449 469 2506 ternarum
488 2443 626 2506 cacteris
648 2445 832 2528 longiorum
843 2458 987 2527 apparet.
1033 2447 1126 2510 Posi·

1 2533 35 2594 tic
48 2543 201 2615 preterea
228 2528 431 2590 scutellarum
444 2530 477 2589 in
490 2529 606 2594 Usncis
618 2531 749 2601 erectis,
773 2549 854 2610 quae
877 2529 1035 2610 imprimis
1047 2552 1125 2593 ocu·

1 2618 38 2676 los
50 2617 138 2690 ferit,
160 2613 376 2698 horizontalis
385 2613 418 2674 in
436 2612 534 2679 thallo
550 2608 697 2679 verticuli
713 2611 830 2675 formis
848 2611 996 2692 pendulis
1017 2613 1121 2689 deest,

2 2697 186 2784 Physciis
215 2710 384 2782 practerea
407 2695 555 2779 pluribus
584 2695 703 2757 nostris
727 2696 904 2761 communis
934 2709 995 2770 est.
1130 2763 1135 2770 ,

71 2789 106 2846 ln
141 2779 337 2846 sectionibus
367 2779 565 2856 naturalibus
589 2778 831 2864 ‘coustituepdis
866 2800 986 2862 genera
1016 2779 1132 2865 qualia-

4 2881 61 2932 rost
79 2865 259 2931 acharium
275 2863 522 2940 emendarimus,
546 2884 618 2926 cum
636 2863 708 2925 aliis
730 2863 926 2942 npnnullisa
950 2865 1122 2928 i'riesio

5 2943 179 3036 nuperrime
202 2951 380 3038 propositis
401 2947 634 3036 conjunximus.
678 2947 852 3020 sectiones
879 2948 974 3012 binae
997 2951 1135 3031 priores¹

6 3038 33 3098 ad
55 3037 202 3118 excipuli
224 3035 380 3109 formam,
404 3034 606 3118 posteriores
628 3031 725 3118 thallq
747 3033 909 3110 soliaceo,
940 3034 990 3096 vel
1014 3034 1126 3096 subtus

7 3115 702 3202 :udicantc(Amphiliima,Physc'ia,
743 3115 1040 3192 Imbricaria)
1073 3118 1126 3180 rel
1185 3131 1188 3152 ⁴

7 3210 102 3268 subtus
141 3205 245 3266 libero
278 3202 393 3263 rilloso
426 3201 655 3280 (Leboria,
688 3196 856 3284 sitista),
890 3202 940 3263 vel
972 3203 1125 3285 utrinque

8 3293 101 3371 glabro
126 3285 366 3351 subconcolore
385 3282 622 3363 (Cetraria,
646 3287 784 3346 Evetn
800 3285 856 3359 ia)
878 3285 930 3347 vel
943 3299 1129 3348 constanter

9 3377 84 3435 tassii
111 3379 211 3433 css
224 3391 273 3434 ea
294 3370 406 3448 Aah.)
428 3369 678 3452 distinguuntur.
703 3369 739 3430 ln
757 3369 868 3452 quavis
889 3369 960 3433 sere
981 3371 1128 3432 sectione

10 3455 118 3520 fornae
143 3443 353 3540 reperiuntur
376 3453 608 3517 adscendentes
632 3465 666 3512 et
696 3438 870 3530 depressae
903 3453 954 3513 vel
986 3453 1132 3536 ejusdcm

10 3544 119 3622 speciei
151 3543 203 3606 vel
237 3539 423 3604 confiniums
468 3539 503 3598 In
534 3535 804 3600 adscendentibus
826 3536 979 3598 scutellae
1001 3539 1130 3622 saepius

14 3626 253 3709 ubmarginales
285 3624 418 3708 oblique
451 3622 587 3694 affixae,
625 3619 773 3700 margine
813 3641 944 3704 quoque
983 3621 1130 3705 obliquo.

12 3713 109 3772 isium
142 3709 322 3772 sectionum
344 3707 562 3792 posteriorum
584 3703 712 3786 species
735 3724 829 3788 .quae
864 3718 985 3767 statura
1025 3717 1131 3768 er‘ecta

13 3795 115 3866 stantis
139 3784 297 3856 accedunt
317 3790 592 3876 perfectioribus,
621 3785 796 3852 eorundum
818 3787 857 3849 ad
879 3791 1008 3852 modum
1030 3790 1071 3850 in·
1085 3791 1133 3850 lc'·

12 3881 37 3952 is
68 3878 210 3942 declivis
233 3877 391 3960 pendulae
425 3873 577 3950 evadunt,
611 3872 771 3952 imprimis
806 3873 834 3933 si
872 3873 998 3955 plantae
1027 3875 1133 3932 inere·

14 3979 102 4038 tento
120 3955 267 4026 abnormi
282 3958 452 4045 longitudo
475 3971 628 4043 augetur,
652 3956 817 4022 crassitics
841 3977 920 4022 vero
941 3974 974 4021 et
996 3955 1133 4018 firmitus

15 4049 231 4122 iminuuntur.
1125 4051 1128 4060 '
