2760 4922
293 1636 379 1701 Cltr.
406 1639 611 1707 nenena,
642 1633 695 1697 vir
713 1629 872 1716 optimus,
908 1631 1143 1718 Algologornnr
1170 1634 1339 1720 princepe,

209 1739 276 1788 non
302 1720 407 1785 nolum
430 1720 523 1806 plura
548 1715 742 1804 vegetabilia
759 1715 906 1802 aquatiea
928 1717 963 1778 in
980 1731 1095 1782 noatro
1112 1719 1269 1802 opnroulo
1286 1721 1341 1785 de·

208 1803 381 1870 scribenda
399 1825 461 1890 pro
479 1825 617 1878 aumma,
640 1822 723 1888 quae
737 1801 770 1864 ei
786 1814 846 1874 ert,
868 1799 1063 1878 liberalitate
1079 1805 1341 1883 communicavit,

209 1889 384 1955 sedetiam
407 1912 424 1952 a
444 1909 496 1950 me
513 1901 645 1972 rogatur
668 1899 704 1948 ut
722 1885 962 1970 descriptione·
984 1887 1173 1973 priusquam
1191 1890 1340 1966 edantur,

88 2047 91 2058 1
207 1973 402 2060 perlustret,
437 1992 503 2059 quo
524 1969 738 2035 confidentior
757 1970 957 2054 reipublicae
979 1971 1145 2035 literariae
1161 1973 1246 2036 tradi
1263 1995 1341 2057 pos-

209 2058 294 2132 sint,
327 2072 362 2121 et
376 2057 471 2141 huju·
489 2059 556 2121 voti
580 2076 632 2118 me
655 2055 736 2118 ieoit
752 2070 933 2138 compotem
952 2055 1166 2143 pluribusque
1185 2055 1340 2123 obaem-

208 2140 355 2206 tionibnr
374 2141 489 2204 nummi
506 2141 662 2204 momenti
675 2141 772 2202 hasoe
788 2140 930 2226 pagellas
946 2140 1187 2206 condecoravit.
1237 2145 1340 2206 Prae·

208 2242 298 2291 terea
326 2226 388 2289 viri
416 2226 493 2288 elar.
521 2225 568 2290 ale
598 2225 834 2300 chemino,
869 2225 1053 2307 Beyrinh
1081 2239 1115 2288 et
1145 2226 1340 2291 Tileaint

44 2314 48 2337 '
149 2371 151 2376 ,
208 2309 317 2394 Algae,
340 2311 417 2397 qna'a
429 2311 463 2372 in
475 2311 585 2374 littore
596 2309 754 2373 Braailiae
770 2310 969 2394 collegerant
985 2325 1019 2374 et
1031 2310 1072 2373 el.
1089 2310 1130 2374 ale
1143 2311 1265 2374 Soble
1275 2312 1340 2374 eb-

207 2394 349 2459 tendal
377 2395 454 2458 aliae
482 2395 654 2458 nonnullas
684 2417 703 2473 a
729 2395 770 2457 tl.
793 2393 950 2458 Sellow
977 2394 1100 2460 ibidem
1128 2394 1276 2460 inventae
1305 2410 1340 2460 et

206 2500 294 2542 nune
311 2481 346 2543 in
362 2479 561 2564 amplissimo
578 2479 730 2543 herbario
746 2483 789 2544 R.
801 2478 1010 2544 Berolinenri
1031 2496 1208 2546 reservatae
1224 2481 1341 2545 eonse-

200 2563 324 2628 rendae
338 2565 496 2629 benevole
512 2565 848 2639 communicaverunt,
870 2563 988 2651 quibus
1003 2565 1151 2630 omnibns
1168 2565 1257 2628 omni
1273 2585 1339 2650 qua

205 2669 267 2733 per
287 2645 580 2725 astabari-tantia,
623 2649 665 2714 ob
682 2648 846 2734 singulare
874 2647 961 2736 qnod
982 2651 1018 2714 in
1039 2672 1100 2715 nos
1124 2661 1338 2734 nostrumque

206 2754 288 2814 opus
314 2733 508 2818 profitentur
532 2734 693 2809 etodium,
735 2732 856 2821 gratim
882 2734 1008 2820 agimur
1031 2749 1065 2800 et
1086 2735 1243 2801 habemur
1269 2735 1338 2800 ain·

122 2815 138 2832 '
205 2819 401 2884 eerieaiman.
