2656 4902
345 312 534 378 Lucanus.
560 311 753 377 Pamma-
1047 307 1113 396 let

95 498 240 560 Lecsuom
253 493 435 576 symmicto,
463 493 638 567 luteseens,
658 486 871 556 Ebrlrsrtisns
884 499 915 560 β.
936 483 1119 588 polytrupa,

36 583 192 658 mutabilis,
211 579 424 644 leucococcs‘i
457 576 640 660 leptaciua‘l
683 572 852 662 Summers.
883 579 996 666 Suppl.
1016 584 1118 670 odfl.

37 666 103 750 lupp.
117 688 147 747 p.
167 669 216 730 81.
237 667 288 728 85.
309 666 350 726 82
372 661 429 726 bis.
451 662 503 725 83.
524 671 557 772 et
578 661 630 746 qt.

96 795 229 860 adnot.
270 797 394 858 Forsan
413 816 477 857 nou
495 806 582 856 errat
602 794 679 858 cel.
700 791 988 859 Wallrotbius
1015 797 1115 864 etism

35 879 93 942 hauc
113 881 242 961 speciem
267 879 487 942 antecedentis
506 897 753 958 synonymorum
769 877 919 964 phalangi
937 879 1119 966 adduceus3

36 963 62 1025 ad
80 963 241 1027 affinitatem
262 985 339 1026 vero
360 977 542 1026 nostrarum
557 963 735 1026 accuratius
764 963 966 1026 iudicandam
995 966 1122 1050 sejunc-

36 1061 70 1108 tas
89 1069 241 1111 servamus.
286 1047 453 1132 Siquidem
488 1047 766 1110 observationibus
803 1047 923 1112 nostris
953 1049 1119 1137 hucusque

38 1130 197 1212 imperfectis
222 1129 582 1217 auctoritas'quaedam
613 1131 715 1208 inest,
766 1131 929 1196 lichenum
965 1137 1120 1202 seminula
1183 1190 1188 1198 .

40 1215 78 1276 rel
94 1213 247 1300 propagula
273 1217 433 1278 variarum
461 1216 607 1297 stirpium
633 1216 762 1300 saepius
784 1217 1043 1295 commiscentur,
1067 1241 1120 1284 ex-

42 1298 103 1374 inde,
121 1320 183 1362 cum
206 1301 312 1382 planta
331 1300 496 1364 lichanosa
512 1321 578 1361 non
603 1319 642 1362 ex
657 1321 722 1362 uno
739 1302 916 1376 seminum,
947 1306 1005 1366 sed
1026 1325 1044 1366 e
1066 1325 1123 1369 co·

42 1383 161 1462 politione
184 1386 323 1468 plurium
344 1385 486 1457 oriatur,
515 1405 580 1447 non
604 1403 679 1448 raro
707 1386 835 1466 plautae
846 1387 1021 1468 gignuntur
1040 1409 1120 1454 vere

40 1465 168 1546 hybridam
188 1470 235 1531 sic
255 1469 470 1532 Parmelis
492 1469 612 1530 varia
635 1469 769 1530 oriunda
786 1469 948 1531 videture
968 1473 1007 1537 P.
1033 1475 1122 1537 sub·
1226 1531 1230 1550 ,

39 1549 122 1614 lusca
140 1565 174 1616 et
193 1553 412 1638 parietina
434 1551 534 1616 aliare
556 1553 667 1636 specie
689 1549 796 1624 alfini,
828 1539 885 1613 irbi
911 1551 991 1616 haec
1020 1556 1123 1620 deest.

93 1685 124 1744 P.
161 1685 294 1764 varis,
316 1683 746 1762 cinereo-carnea;†
773 1696 879 1748 crusta
894 1685 986 1748 tenui
1006 1701 1125 1771 aequa·

39 1762 78 1826 lili
95 1767 381 1832 submembrauaeea
405 1769 533 1832 demum
553 1769 705 1852 rugulusu
739 1768 1024 1847 cinereo-lactea,
1056 1791 1129 1836 scu·

39 1849 98 1912 tellis
119 1854 262 1919 consertis
289 1853 471 1936 adpressis,
501 1852 592 1914 diseo
623 1852 896 1934 plano-convexo
923 1853 1134 1920 carneo-lla·'

37 1950 151 1998 vescente
183 1939 311 2000 demum
346 1937 549 2025 nigricante,
581 1937 759 2028 marginem
773 1949 903 2004 tenuem
923 1939 1126 2022 granulatum

37 2033 179 2098 reparante.

94 2137 206 2199 Thallus
229 2151 414 2200 crustaceus
440 2135 532 2200 valde
556 2135 686 2210 tenuis,
715 2135 904 2212 continuus,
934 2138 1125 2224 aequabilia,

39 2216 186 2305 plerumque
214 2224 254 2284 ad
278 2223 400 2282 lentem
421 2221 566 2282 tenuiter
582 2220 788 2304 grammatus,
810 2221 1013 2284 orbiculatim
1041 2225 1125 2286 effu.

37 2320 87 2376 sus,
112 2309 154 2366 vel
187 2307 219 2367 in
256 2303 398 2368 confinio
418 2304 711 2387 nigro-limitatus.
756 2306 917 2368 Scutellae
941 2329 1125 2390 appressae,

37 2385 200 2463 subsessiles,
221 2391 368 2474 juniores
392 2387 626 2471 punctisormes
651 2389 779 2450 demum
799 2389 1024 2465 'lantiformas,
1048 2411 1125 2456 con·

34 2465 118 2546 lectae,
136 2462 269 2538 subinde
292 2472 501 2558 densissimae
529 2486 562 2534 et
591 2469 807 2548 conlluentes,
837 2473 994 2554 plurimae
1020 2491 1127 2542 tamen

35 2559 195 2635 regulariter
205 2560 387 2630 rotundae,
409 2559 512 2618 rarius
535 2556 577 2621 ob
604 2571 744 2618 mutuam
771 2559 970 2636 pressionem
994 2564 1126 2643 angulo-

36 2656 72 2698 sae
87 2643 128 2703 uel
143 2643 316 2706 diminutae
348 2657 382 2704 et
410 2643 584 2704 abortisse.
627 2642 745 2708 Discus
774 2641 883 2721 junior
908 2643 1127 2724 planiusculus

36 2725 122 2789 sensim
138 2729 297 2800 dilatatus,
320 2723 644 2791 carneo-flavescens
667 2737 701 2792 et
720 2723 915 2797 suscidulus,
947 2729 1022 2790 dein
1049 2749 1128 2794 con·

37 2822 106 2870 vesus
121 2824 259 2886 tumens,
283 2811 410 2894 saepius
432 2809 488 2870 uhi
512 2809 681 2878 densiores
704 2821 778 2870 sunt
797 2811 968 2884 scutellae,
991 2812 1041 2874 rel
1064 2834 1126 2896 pro

36 2886 132 2956 diuidis
153 2911 242 2976 parte
273 2897 325 2958 vel
358 2897 393 2956 in
425 2893 551 2966 medio,
581 2893 636 2955 rix
670 2913 808 2976 uuquam
837 2907 926 2958 totus
961 2895 1126 2980 nigricans

34 2977 98 3052 quasi
121 2979 319 3061 sphacelatus
348 2979 508 3063 simulque
539 2977 715 3060 inaequalis
741 2992 866 3041 tumens
890 2979 1126 3046 tuberculosus.

32 3057 113 3143 llargo
133 3066 329 3137 crenulatus,
353 3067 475 3135 varius,
499 3063 532 3124 in
555 3063 699 3126 scutellis
721 3060 928 3127 densioribus
950 3067 1127 3131 tumidulus
1232 3063 1237 3068 ¹

32 3137 151 3222 iuflexus,
173 3149 290 3210 inaliis
306 3148 436 3214 tenuior
451 3147 578 3212 demum
590 3145 681 3210 disco
705 3159 848 3211 tumente
859 3149 1135 3220 subersnasaens.'
1198 3229 1204 3250 Ι

92 3273 204 3340 Crescit
223 3279 256 3342 in
268 3277 386 3344 cortice.
398 3275 790 3422 RhizoplrurueMuugles
803 3287 833 3338 et
854 3273 1127 3362 Luguuculuriue

37 3369 182 3423 racemosue
195 3386 299 3448 prope
310 3358 453 3428 Batiam
471 3357 608 3442 coofinis
624 3360 713 3444 Grup
738 3360 1040 3446 idipuluerulentue
1056 3385 1127 3432 var,

38 3441 193 3521 maculatae,
217 3445 425 3509 Pertusuriue
453 3445 615 3509 communi
643 3447 716 3512 uer,
747 3441 935 3523 dulescenti,
973 3453 1128 3512 Verruco-

35 3519 77 3583 u'ue
92 3529 222 3608 carinae,
248 3527 450 3618 Pyrenastro
471 3529 563 3607 albo,
590 3527 772 3591 Parmeliue
787 3529 970 3615 sulrjuscue,
984 3533 1128 3614 ejusdem

31 3621 77 3671 eur.
95 3626 244 3698 argenteo
262 3613 402 3702 ·fissoue
424 3627 457 3678 et
477 3613 640 3677 Lecideue
655 3635 857 3698 parusemue,
889 3617 892 3626 ’

88 3747 229 3811 adnot.
274 3750 309 3812 Si
328 3770 399 3811 cum
424 3749 631 3813 varietatibus
655 3747 843 3812 domesticis
865 3761 1006 3815 nostram
1036 3769 1128 3826 cam·
1173 3767 1178 3772 ·

26 3839 105 3902 paras,
125 3835 288 3912 proximae
314 3849 387 3896 suut
429 3834 657 3896 Leuanora
689 3833 914 3913 symmicta
937 3849 969 3897 et
997 3834 1126 3896 lutcs-

27 3923 106 3974 lens
127 3918 215 3978 Ach.
240 3921 353 3999 Syn.;
377 3920 477 4002 magis
495 3933 600 3979 tamen
627 3931 734 3978 nostra
763 3917 937 3992 distincta,
972 3932 1007 3980 ut
1032 3937 1128 3978 sensu

27 3987 181 4061 llchariano
200 4024 260 4083 pro
280 4003 393 4083 specie
415 4001 572 4084 peculiari
594 4001 739 4062 habenda
764 4003 826 4080 sit;
861 4002 974 4062 thallus
995 4016 1127 4063 nostrae

29 4079 276 4155 quidemallinior
296 4087 540 4148 Parmeliae
573 4085 819 4156 subfuscae,
849 4085 988 4146 sednon
1011 4077 1128 4147 desunt

28 4158 55 4218 P·
75 4170 208 4232 variae
231 4171 404 4253 specimina
426 4169 603 4232 domestica
622 4170 721 4231 thallo
741 4168 840 4230 simili
853 4171 1026 4246 instructa3
1050 4189 1128 4231 con·

26 4249 98 4310 seuit
119 4253 227 4318 colore
253 4256 495 4338 spathariorum
521 4273 603 4314 cum,
621 4257 843 4316 Lucanora
882 4253 1129 4316 carneo-lu-

29 4337 98 4407 tea,
118 4335 202 4401 Aet.
225 4342 306 4424 Sym.
327 4335 430 4423 Engl.
449 4341 514 4400 bot.
536 4340 603 4400 tub.
624 4351 717 4414 solo,
738 4331 906 4421 Summers.
937 4333 1052 4422 Suppl.
1082 4337 1128 4400 ud
