2760 4922
381 215 506 333 laese.
549 265 753 334 sunonem.
790 256 793 271 '

225 471 254 524 6·
305 475 579 531 SARMUUH
617 470 922 524 ΙΙΑΟΟῙΙΙᾺΌΙ.

39 693 44 710 ι
88 611 118 674 8.
134 611 230 710 ceule
243 609 339 714 tereti
358 610 591 712 remouiseitau,
604 611 706 710 'loliis
720 611 900 714 linearibus
915 611 1016 712 scutis
1031 633 1138 712 serre·

28 697 240 772 tu,res1cul1s
262 694 410 778 globosis
434 709 629 760 mucronetts
652 695 873 780 pediculum,
894 697 1065 780 pcdtcellts
1091 711 1139 760 te·

27 779 142 858 retibus,
170 780 378 882 sporsngiis?
396 815 440 830 ·-

89 909 150 990 Ag.
169 906 263 1020 Sper.
284 905 311 972 Ι.
331 913 362 973 lt.
379 903 468 1054 Sgrst.
485 927 559 1056 23¹.
601 908 683 1006 Spin
708 931 739 972 a.
762 905 874 972 Mart.
890 905 985 973 Reise
1020 907 1083 970 tut.
1106 909 1136 998 t.

128 994 221 1056 1382.
244 989 395 1054 -Ham
418 991 486 1054 aldt
537 991 615 1058 elat.
639 993 714 1058 lust.
747 992 817 1058 Vol.
831 1017 856 1056 ι.
879 1013 953 1057 aon.
1009 1065 1014 1072 ,

93 1101 196 1162 Fucus
215 1071 329 1161 uetans
346 1094 390 1162 L.
405 1095 486 1182 Esp.
497 1110 522 1162 t.
534 1101 583 1164 et.
628 1099 723 1175 Ruit,
741 1100 782 1163 de
803 1115 881 1164 uera
901 1097 977 1182 luci
992 1099 1139 1162 natantis

120 1176 396 1268 fructificatione.
427 1181 537 1248 Matr.
552 1187 640 1266 stoli.
657 1207 686 1250 c.
701 1186 740 1248 ici
786 1219 792 1234 ι

95 1293 125 1352 tt
140 1289 345 1364 becciierus,
370 1285 474 1354 Turn.
498 1289 582 1354 Hist.
601 1303 624 1353 t.
642 1307 693 1374 47.

95 1413 206 1474 Basis
228 1411 350 1496 ignota.
392 1411 523 1478 Frons
554 1415 788 1493 ramosissims,
818 1414 852 1475 in
882 1413 1042 1496 caespites
1071 1411 1141 1475 lana

30 1513 77 1575 ges
93 1518 184 1579 saepe
207 1497 318 1578 plures
344 1497 445 1580 pedes
468 1499 641 1562 metientes
666 1499 787 1576 effusa,
819 1497 1140 1582 ferrugineo-lusus,

28 1594 86 1659 pust
121 1581 371 1644 exslccstionem
404 1583 509 1644 denuo
539 1583 718 1647 madefacta
753 1584 914 1644 intensius
945 1581 1140 1665 ferruginea.

30 1665 151 1726 caulis
180 1679 288 1740 teres,
319 1664 503 1741 flexuosus,
527 1687 687 1742 ramosus,
721 1667 818 1729 remis
844 1667 1041 1752 tumulisque
1067 1667 1142 1727 sub·
1174 1702 1176 1710 ,

28 1745 192 1832 fastigiatis.
251 1745 374 1812 Folle
402 1751 583 1815 alternatim
608 1772 735 1834 speres,
768 1753 921 1828 linearia,
951 1751 1140 1828 acuminata,

27 1831 274 1912 hasiettenuets,
297 1849 389 1896 scote
415 1849 554 1914 serruts,
585 1857 686 1899 neruo
708 1837 815 1898 medio
843 1847 971 1898 costuts.
1013 1835 1142 1902 -Vcsi·

17 1919 125 1980 ‘culae
146 1919 331 1996 solitariae,
352 1917 449 1981 binae
468 1934 619 1983 temnere
635 1921 669 1980 in
686 1921 858 2020 pedicellis
870 1921 1033 1982 teretibus
1053 1939 1140 2002 sper«

30 2021 83 2074 sse,
103 1999 321 2086 magnitudine
345 2005 437 2086 grani
465 2005 590 2086 Piperis
614 2005 719 2088 nigri,
748 2005 909 2068 interdum
935 2005 1029 2087 spice
1052 2003 1140 2066 tetii·

29 2083 109 2152 ierus.
149 2084 373 2150 Fructificatio
394 2088 535 2152 nondum
558 2090 695 2152 detecte.

95 2233 225 2318 Absque
246 2223 411 2312 radicibus
428 2246 549 2310 rtataps
568 2233 767 2320 atnplisrima
786 2235 818 2298 in
836 2233 971 2322 regione
987 2233 1140 2314 occurrit,

28 2337 108 2396 quam
121 2319 224 2379 medio
242 2317 339 2402 quasi
359 2317 444 2381 inter
460 2317 632 2402 Europam
651 2331 682 2384 et
698 2343 816 2384 nouam
835 2332 957 2384 terram
976 2319 1143 2382 continen-

30 2409 94 2479 tem,
114 2425 133 2462 a
156 2403 263 2487 gradu
288 2401 472 2466 latitudinis
498 2403 638 2466 borealis
658 2401 706 2468 '32
733 2406 778 2468 ad
801 2403 966 2490 ultusque
995 2405 1144 2488 interque

32 2486 203 2549 meridianos
224 2488 364 2550 circulos
381 2487 423 2552 38
437 2500 467 2550 et
479 2501 521 2566 tit,
537 2511 558 2548 a
574 2487 894 2575 Parisiis-patentem
918 2500 1040 2552 nautae
1059 2487 1143 2550 lusi-

32 2570 113 2630 tauiei
122 2584 148 2634 et
156 2569 320 2650 hispanici
327 2572 457 2635 nomine
471 2597 502 2636 ns
513 2596 560 2636 ar
576 2573 599 2636 d
606 2595 624 2636 e
636 2572 659 2634 S
666 2595 826 2656 argaeo
839 2595 865 2636 s.
879 2569 1141 2657 marissucorum

37 2649 163 2740 salutant.
208 2659 385 2740 Apparent
410 2657 479 2734 liic,
502 2669 532 2720 et
564 2657 693 2742 quidem
717 2659 750 2720 ira
770 2668 869 2742 parte,
896 2653 1144 2739 septentrionali

34 2733 227 2817 irequsntinm
252 2741 305 2804 uel
317 2739 455 2826 plantae
470 2741 656 2822 solitariae,
678 2747 944 2806 raraanatantes
963 2741 996 2802 in
1011 2741 1144 2825 gurgite

36 2834 120 2902 uasto,
139 2825 190 2890 uel
206 2825 384 2912 largissimi
396 2828 551 2911 caespites
571 2825 605 2890 in
615 2835 716 2912 prata
727 2823 930 2905 fluctuantia
942 2825 1143 2890 coacervati·

30 2899 142 2972 Multae
164 2921 242 2974 sant
259 2912 321 2978 ade
349 2910 447 2994 ltujus
481 2911 670 2998 vegetabilis
694 2913 808 2996 patria
841 2910 1029 2996 opiniones,
1061 2908 1140 2974 aliis

26 2990 266 3074 perhibentibus,
288 2995 326 3058 al
348 3016 401 3060 am
424 3021 445 3060 a
466 2997 703 3065 oelententiore
727 2999 760 3062 in
783 2995 888 3082 plaga
915 2993 1040 3060 boreali
1047 2991 1144 3076 fluc-

26 3083 105 3168 luam
119 3092 204 3144 motu
228 3101 246 3142 e
266 3101 350 3147 vac
380 3083 522 3168 quodam
548 3079 648 3168 diripi
670 3095 770 3166 atque
792 3105 853 3185 per
873 3079 1040 3146 Oceanum
1059 3085 1144 3162 uaga
1175 3136 1178 3144 .

29 3162 147 3226 cuanita
175 3163 250 3249 agi,
272 3165 348 3230 aliis
381 3166 532 3248 scapulos
560 3168 741 3232 maritimos
764 3164 934 3246 floridae⁴
950 3175 982 3230 et
1015 3157 1146 3228 Musici

25 3261 77 3322 pro
99 3269 169 3309 aera
189 3249 260 3329 ejas
283 3251 397 3336 patria
421 3251 622 3316 habentibus.
673 3254 795 3320 Vadam
821 3247 906 3314 illud
920 3245 1088 3336 sucorum
1112 3248 1146 3309 in

30 3324 191 3396 latitudinis
210 3334 350 3398 borealis
367 3337 475 3420 gradu
498 3338 664 3402 suadesne
684 3337 798 3421 plnres
826 3343 950 3401 nautae
969 3327 1146 3409 lusitanici,
1261 3357 1265 3360 ·

33 3409 58 3470 in
75 3413 192 3478 Oceano
209 3420 420 3502 cursitantes,
443 3419 525 3484 milti
542 3417 818 3505 affirmaverant,
840 3421 1013 3497 addentes,
1037 3415 1148 3480 bellua

33 3500 136 3562 marina
151 3502 184 3564 in
209 3503 300 3568 uadis
316 3527 384 3570 sese
408 3501 574 3569 volventia
581 3503 687 3592 sucus
711 3505 871 3580 auellere,
893 3514 931 3568 ut
951 3503 992 3588 iis
1012 3519 1150 3568 vescans'

32 3587 93 3674 ltfrs
109 3586 162 3648 sed
180 3586 309 3652 nullum
326 3590 397 3667 ejus
414 3595 538 3654 c'ertum
565 3585 734 3676 uestigium
754 3592 787 3654 in
804 3589 931 3674 ntappis
948 3585 1148 3688 geographi·
1177 3671 1180 3678 Ι

28 3684 70 3725 ccs
84 3667 218 3748 inuenio,
242 3696 302 3740 nec
325 3673 446 3764 liquet,
469 3677 629 3773 quomado
639 3671 710 3757 fiat
734 3687 771 3740 ut
792 3673 920 3743 Oceani
942 3673 1043 3758 tpsius
1059 3684 1149 3736 mottt

26 3759 110 3812 tanta
125 3757 217 3840 copia
227 3761 380 3844 Sar-garri
397 3761 616 3833 discindatur,
637 3772 825 3846 quamtum
841 3757 911 3822 alta
933 3757 967 3822 iu
987 3757 1072 3822 mari
1088 3757 1150 3818 ltoc

25 3836 132 3902 uadum
152 3841 247 3905 sitnm
266 3840 333 3906 esse
354 3846 495 3931 supponi
511 3845 642 3920 debeat,
665 3859 701 3909 ut
718 3857 844 3910 mutato
863 3861 1026 3928 aqttarum
1041 3841 1151 3904 colora

23 3940 84 3980 nou
101 3927 266 4004 prodatur.
312 3925 424 3992 Tertia
445 3941 492 3992 est
513 3929 555 3994 cl.
577 3931 746 4016 Agardltii
765 3930 942 4003 sententia,
964 3925 1149 3998 statuentis,
1232 3973 1234 3990 .

23 3999 202 4083 Sergestum
225 4008 423 4100 baccijerum
437 4015 487 4078 nil
500 4015 614 4091 videri,
637 4016 701 4079 nisi
717 4015 750 4082 S.
767 4013 917 4096 uulgaris
931 4015 963 4076 in
981 4008 1146 4098 prtffundo

23 4095 181 4178 crescenti,
201 4108 314 4183 partas
337 4101 524 4183 superiores
554 4105 596 4162 ab
623 4099 719 4164 undis
747 4095 903 4164 diuulsae.
949 4093 1081 4160 Cls’Al.
1106 4093 1149 4158 at

24 4170 188 4240 Humboldt
208 4192 326 4244 auctor
351 4196 415 4260 ert,
437 4185 502 4249 duo
514 4181 678 4270 sueprnm
698 4189 787 4264 uada
816 4187 852 4250 in
872 4183 960 4254 anari
989 4179 1150 4244 atlanlicc

24 4263 259 4338 septentrionali
281 4268 344 4329 sita
365 4292 447 4333 esse.-
468 4269 611 4334 alterum
638 4272 725 4333 inter
746 4269 887 4334 circulus
904 4251 1086 4352 parallelos
1109 4258 1151 4328 ui

25 4347 54 4397 el
71 4342 106 4404 36
122 4346 187 4411 bor.
208 4362 239 4411 et
256 4352 329 4415 iude
347 4377 367 4414 a
386 4353 566 4430 meridiane
581 4357 678 4422 ῧῧιηο
695 4355 817 4441 (primo
829 4377 891 4441 per
907 4349 1013 4418 Puris.
1026 4349 1149 4436 speculi

66 4446 159 4494 tuone
181 4457 306 4500 autern.
331 4442 354 4500 l.
831 4447 853 4509 4
