2712 4904
216 285 280 359 188
555 288 763 394 'hiemes
795 289 985 357 eumuna.

209 462 254 550 fl.
277 465 368 558 lapp.
384 491 423 554 p,
440 470 606 550 85;,haec
626 491 710 538 rere
731 483 837 560 crusta
858 469 954 534 aliter
972 469 1188 548 conformale,
1216 473 1306 556 margi·

213 572 320 636 neque
340 549 490 619 lacero'e
512 567 619 621 crusta
641 556 784 637 disrupta
806 553 1016 640 distinguitur
1037 577 1075 620 ac
1096 559 1198 640 potius
1216 559 1306 621 beci-

211 635 319 702 dcae
337 641 388 706 vel
409 639 589 721 Pyxines
610 640 750 713 Frics,
773 640 985 720 species‘est.
1062 659 1066 666 ’

293 727 332 788 Ρ.
355 727 492 798 varia,
515 723 865 806 pallidi-ceriua3
893 723 912 788 l
943 738 1049 786 crusta
1078 725 1305 790 membranaceo·-

208 813 372 890 granulata
393 807 500 872 albido
514 843 526 856 -
540 809 739 882 latescente,
761 809 906 870 scutellis
926 809 1090 890 depressis
1109 807 1222 887 densis,
1237 812 1305 876 diaco

159 907 162 925 ¹
206 890 490 1036 plano-,convexo
514 885 687 974 sulphu'reo
700 892 837 954 -eerino
857 893 1036 977 marginem
1066 909 1193 956 tenuem
1220 916 1306 959 crenu-

221 986 307 1041 atum
327 979 455 1041 demum
476 976 548 1039 fere
571 992 815 1039 evanescentem
835 993 1020 1062 superante.

292 1083 459 1156 Leeanors
478 1073 724 1169 pallidi-ssave,
751 1071 824 1154 Fae,
851 1074 873 1138 l.
896 1098 923 1138 c.
942 1099 977 1160 p.
1002 1080 1072 1142 118.
1088 1077 1154 1141 lab.
1168 1075 1305 1164 aoflgta

294 1179 428 1242 Thallus
450 1169 634 1238 crustaceus
655 1177 774 1250 tenuis,
796 1178 897 1261 magis
909 1177 1054 1241 minusve
1064 1179 1304 1252 membranaceus,

207 1267 330 1332 leniter
351 1263 545 1346 granulatus,
568 1281 643 1322 mox
667 1261 812 1338 albidus,
850 1283 926 1324 mox
951 1263 1052 1344 magis
1075 1265 1216 1326 minusve
1236 1266 1305 1326 lutes·

209 1373 297 1423 cens,
321 1347 503 1412 circinatlm
524 1341 657 1419 effusus,
691 1345 785 1430 quasi
819 1345 1009 1427 adspersus,
1039 1348 1072 1410 in
1101 1349 1231 1410 aliorum
1249 1370 1303 1410 vero

207 1431 349 1502 confinio
365 1428 642 1512 nigro-limitatus.
684 1429 845 1492 Scutellae
867 1432 1052 1513 depressae,
1064 1445 1190 1507 tenues,
1203 1434 1300 1506 densae,

208 1531 320 1586 exacte
341 1515 510 1586 rotundae,
532 1533 550 1574 e
572 1509 680 1574 medio
702 1511 822 1588 thallo,
845 1511 900 1576 uhi
923 1515 1115 1596 majusculae
1139 1530 1219 1592 sunt,
1246 1538 1301 1577 mar·

208 1605 317 1690 ginem
339 1620 452 1662 versus
475 1617 573 1680 saepe
589 1595 707 1658 sensim
717 1598 861 1660 minores
876 1598 1074 1679 etjuniores,
1096 1601 1303 1682 tandempunc-

181 1689 373 1762 ‘tiioimes,
396 1683 436 1743 ab
458 1680 554 1742 initio
574 1681 703 1743 sessiles
726 1683 816 1766 quasi
837 1682 1009 1764 adspersae
1029 1704 1090 1745 nec
1121 1699 1304 1768 erumpentes.

205 1774 325 1838 Discus
347 1767 494 1837 carinus,
515 1765 625 1846 junior
646 1766 800 1846 pallidior
819 1765 1223 1848 plano-concaricsculus,
1242 1767 1304 1828 adul·

206 1871 260 1919 tus
273 1848 661 1930 'obscurior'iuscescens
683 1871 855 1913 convexus.
897 1855 1009 1934 Margo
1031 1855 1161 1929 tenuis,
1183 1855 1219 1915 ab
1236 1853 1303 1913 incu-

205 1938 325 2003 nabilis
346 1932 538 2007 crenulatus,
561 1932 680 1994 senaim
701 1947 894 2007 attenuatus,
916 1936 951 1996 in
972 1939 1135 2000 nonnullis
1150 1939 1191 1998 ob
1207 1938 1302 1999 discen

141 2030 145 2048 ²
205 2020 369 2106 turgidum
386 2017 512 2080 ‘sensim
542 2036 754 2094 evanescens,
794 2019 832 2081 ad
853 2019 974 2082 lentem
1009 2035 1198 2086 constanter
1224 2036 1302 2083 tamen

204 2124 409 2189 consplcuus.

100 2195 126 2272 ⁵,
210 2257 213 2262 .
290 2201 410 2266 Crescit
430 2200 475 2264 ad
490 2199 640 2264 corticem
655 2199 882 2284 Rhizoplaorce
895 2199 1054 2288 Mangles
1073 2214 1105 2266 et
1119 2200 1303 2290 chnncule·

83 2313 90 2321 ’
202 2287 272 2354 riae
290 2307 473 2350 racemosus
489 2307 593 2370 prope
607 2283 748 2348 Bahium
763 2280 904 2365 confinis
919 2283 1182 2372 Leiogrummati
1201 2288 1302 2350 sericae.

288 2390 435 2452 adnot.
457 2392 493 2449 ln
514 2387 697 2448 licheuibus
718 2386 773 2448 ubi
795 2387 965 2452 varietates
988 2389 1174 2473 descriptae
1204 2387 1303 2471 saepius

203 2475 333 2558 species
354 2472 507 2536 erersiunt
528 2484 562 2532 et
582 2471 654 2534 vice
667 2488 803 2544 -cersa,
825 2473 998 2538 cavendum
1022 2495 1061 2535 ne
1076 2470 1304 2556 varietatesqai·

203 2557 277 2621 dem
298 2559 457 2620 variarum
479 2555 662 2656 specierum
687 2553 803 2616 eedem
833 2558 964 2620 nomine
996 2557 1224 2642 designentur3
1250 2557 1304 2616 hine

132 2654 135 2659 '
203 2663 320 2706 nomen
341 2643 426 2706 Clar.
457 2639 559 2702 Feei
591 2659 702 2722 parum
731 2641 851 2704 mutavi
873 2640 915 2703 ob
938 2643 1080 2722 speciem
1109 2643 1303 2723 homonymam

203 2749 221 2790 a
243 2723 523 2790 schleichcro
546 2723 756 2786 distributam.
802 2729 879 2786 leon
897 2725 993 2788 citata
1006 2728 1086 2788 mala
1098 2727 1232 2798 ridetur,
1254 2741 1303 2784 cum

203 2811 328 2874 discum
349 2829 524 2872 convexum
548 2809 663 2886 (status
686 2806 825 2886 adultus)
847 2810 984 2893 margini
1017 2811 1107 2872 valde
1128 2813 1194 2874 lato
1216 2813 1304 2886 (status

199 2893 323 2978 junior)
343 2894 378 2954 in
394 2892 512 2968 „eadem
532 2889 634 2973 figura
655 2892 817 2974 copularit
827 2894 945 2975 pictor,
970 2895 1114 2979 quamvis
1128 2899 1162 2956 in
1184 2887 1306 2976 diogucsi

202 2995 313 3062 margo
345 2976 452 3037 tenuia
480 2977 615 3036 dicatur.
659 2977 802 3038 Plantula
833 2992 959 3042 crustae
988 2981 1100 3042 colore
1122 2983 1160 3041 P.
1190 2976 1305 3042 variae

201 3065 304 3144 magis
338 3058 535 3122 conveniens
570 3080 663 3143 quam
703 3062 902 3142 praecedens
941 3065 1098 3136 varietas,
1139 3063 1267 3126 caeteris
1286 3056 1305 3116 si

202 3146 326 3207 discum
354 3143 539 3204 dilatiorem
580 3156 612 3204 et
640 3141 772 3204 thallum
801 3147 908 3226 paullo
944 3148 1136 3208 crassiorem
1178 3143 1304 3228 excipias,

201 3231 452 3292 Lecanorae
475 3225 646 3286 cerinae
668 3228 753 3296 Aah,
771 3229 864 3294 valde
882 3227 1005 3306 aifinis3
1027 3230 1102 3293 huic
1114 3253 1194 3294 vero
1208 3226 1304 3292 adscri-

201 3313 281 3380 bere
306 3333 344 3374 eo
366 3312 471 3372 minus
493 3311 672 3377 consultum
692 3311 882 3388 habuimus,
911 3314 998 3404 quod
1019 3313 1139 3377 haece
1169 3318 1303 3396 Parme·

201 3397 265 3480 lia
280 3395 501 3478 parietina
523 3393 683 3457 deminuta
706 3412 811 3458 ertum
834 3400 953 3462 ducere
979 3421 1043 3461 non
1079 3399 1150 3460 aine
1179 3399 1247 3481 jure
1271 3393 1305 3453 di·

201 3493 303 3554 catur,
327 3499 406 3563 quae
428 3479 462 3539 -in
484 3477 620 3540 Brasilia
639 3481 694 3543 ‚vel
716 3483 895 3564 generatim
918 3483 1001 3544 intra
1031 3483 1178 3566 tropicos
1208 3482 1305 3542 hucus-

201 3585 265 3650 que
294 3586 359 3627 ncn
392 3562 460 3626 cisa
490 3562 678 3648 regionibus
701 3567 889 3648 temperatis
918 3568 1087 3650 utriusque
1112 3557 1305 3646 hemispherii

199 3648 333 3732 propria
356 3647 482 3709 videtur
508 3646 583 3724 (cfr.
615 3661 722 3712 tamen
753 3650 839 3712 infra
871 3649 977 3716 adnot.
1000 3651 1039 3714 ad
1069 3649 1305 3714 Psrmelisn

113 3767 116 3773 ·
200 3731 606 3816 chrysoptbalmam).

486 3928 514 3992 l·
536 3940 773 3990 aunuum
822 3939 1041 3992 s'uuroslt.

279 4061 319 4128 P.
341 4069 448 4124 crusta
470 4061 818 4124 verrucosa-areolam
840 4059 1181 4148 glauco-flavescente,
1209 4045 1304 4119 scutel-

195 4144 237 4208 lis
258 4145 419 4228 appressis
441 4141 838 4226 demumirregularibua,
870 4149 961 4210 disco
985 4147 1236 4229 plano-tumente
1260 4157 1305 4217 pu·

195 4229 291 4290 niceo
312 4229 489 4313 marginem
520 4227 698 4296 thollcdem
727 4244 858 4296 tenuem
881 4232 1122 4314 integerrimum
1147 4222 1303 4310 subpellec-

196 4325 323 4376 ”r'em
348 4314 530 4395 superante.
610 4353 612 4360 ι
