2656 4902
201 251 268 339 iiii
416 283 420 291 ·
481 243 700 348 ¹istqflttnns.
721 247 1021 324 Termestinorum.

201 445 304 508 nosve
324 436 511 498 constanter
536 423 575 488 in
594 437 749 495 stromate
771 428 916 494 solitaria
938 429 1134 508 obveniant,
1161 431 1214 497 sed
1231 435 1303 498 ellan

202 514 336 581 aliarum
365 507 512 572 tribuum
543 513 692 594 speeies,
727 535 849 600 eaeque
881 515 969 578 nullo
998 515 1070 598 jure
1093 518 1132 580 ab
1151 518 1253 580 iisdem
1269 542 1302 582 ra·

155 661 160 684 Ι
199 595 379 664 movendae
401 613 433 671 e.-
460 615 492 678 Β.
523 597 734 674 Pyrenula
763 601 1009 684 composita
1038 601 1151 678 san,
1179 603 1304 668 Verru-

202 682 317 746 coria
350 678 658 756 anthonioides
698 698 808 746 nostre
843 701 877 760 ct
911 685 1050 769 plurima
1083 689 1303 766 Pyrenastra

202 787 300 850 supra
330 763 506 848 descripta,
537 764 709 846 apothecis
736 767 878 832 habeant
914 770 1044 851 saepius
1073 771 1126 834 vel
1153 786 1305 833 constanter

124 914 129 929 ,
201 859 377 936 aggregata
395 861 429 926 et
452 861 600 924 connata,
641 855 692 926 Es
710 853 929 934 posteriorum
951 854 1026 916 dein
1049 854 1227 937 specierum
1245 869 1305 916 stm-

201 951 311 1010 ctura‚
335 955 353 996 e
378 932 572 1018 peritiseciis
594 935 749 1012 nimirum
770 939 939 1015 connatis,
967 937 1045 1006 hinc
1068 939 1305 1022 adiecissetque

190 1013 235 1104 'in
257 1019 379 1088 ambitu
400 1017 595 1098 incrassatis
617 1022 696 1096 satis
718 1041 882 1106 superque
905 1023 1032 1098 elucet,
1066 1043 1228 1088 verrucam
1251 1023 1305 1083 line

203 1103 407 1182 efformatam
428 1105 554 1190 nigram
578 1106 719 1174 omninol
729 1104 961 1173 accidentalem
975 1128 1083 1192 neque
1106 1107 1304 1190 Trypethe·

199 1191 385 1260 limarum
421 1188 572 1267 stromati
613 1191 884 1274 aequiparandam
919 1212 1013 1270 esse3
1052 1191 1170 1267 exinde
1201 1189 1303 1252 similem

202 1272 549 1356 Trypetlnelinis
578 1273 685 1348 veris,
714 1275 875 1358 imprimis
910 1275 1171 1358 Glpphideis
1201 1297 1219 1338 c
1247 1273 1304 1358 pen'·

202 1355 390 1432 theciorum
419 1354 571 1435 confluxu
601 1357 828 1436 obvenientem
849 1378 1021 1434 verrucam
1043 1360 1171 1441 nigram
1192 1381 1251 1422 non
1267 1376 1306 1440 pro

209 1454 367 1505 stromate
387 1440 567 1522 habendam
589 1463 663 1506 esse
679 1442 742 1519 (uti
759 1441 909 1504 fecerunt
926 1441 1068 1522 Ficus
1090 1458 1126 1507 et
1146 1448 1306 1524 Meyeros

202 1524 238 1604 in
261 1525 499 1609 Glyphide¹
522 1523 582 1587 cfr.
606 1547 702 1608 supra
724 1527 857 1602 observ.
879 1549 911 1608 pr
936 1525 1022 1602 (ro),
1044 1528 1105 1604 sed
1136 1541 1258 1590 stratum
1278 1537 1308 1584 te·

202 1629 269 1672 oue
290 1609 398 1691 album
421 1629 518 1692 supra
541 1629 709 1689 verrucam
737 1633 813 1689 mox
846 1609 1030 1695 dispersum¹
1061 1613 1206 1694 ejusdem
1233 1612 1310 1672 locun

203 1692 368 1774 obtinere.
414 1695 474 1755 Sin
496 1693 608 1772 aliter,
639 1695 747 1770 nullus
777 1697 873 1757 limes
903 1698 988 1759 inter
1010 1695 1310 1780 Trypethelins·

205 1799 296 1856 rum
318 1792 351 1842 ct
373 1780 761 1846 verrucarinarum
784 1801 902 1864 genera
923 1779 1068 1864 analoga,
1092 1795 1125 1843 et
1148 1783 1183 1843 in
1207 1775 1311 1842 nonnul·

209 1861 253 1926 lis
274 1863 496 1946 posteriorum
517 1861 690 1944 speciebus
712 1883 742 1927 e.
765 1886 796 1949 g.
819 1865 854 1927 in
884 1866 1161 1930 Astrothelio
1190 1863 1311 1926 conice

206 1961 345 2023 nostro,
390 1945 458 2010 uod
475 1945 575 2011 thallo
595 1966 713 2026 roseo¹
734 1949 879 2013 verrucis
903 1949 990 2020 intus
1011 1951 1147 2020 omnino
1168 1949 1262 2031 nigris
1278 1964 1313 2006 ex·

210 2044 265 2109 tus
287 2044 386 2096 strato
408 2031 500 2108 tenui
523 2052 623 2095 aureo
647 2031 795 2094 obductis
817 2033 959 2116 gaudet,
996 2047 1116 2100 stroma
1152 2034 1261 2115 duplex
1281 2047 1314 2090 ao·

207 2115 407 2199 cipiendum.
451 2114 588 2196 [accedit
608 2115 686 2192 dein
706 2117 813 2194 ratio,
843 2115 939 2202 quod'
960 2118 1048 2179 circa
1071 2117 1315 2200 apothecisque

208 2202 317 2280 rarius
340 2200 539 2284 ohreuiunt¹
574 2199 719 2280 solitaria
750 2223 809 2281 per
840 2203 982 2263 crustam
1011 2200 1163 2286 dispersa
1194 2197 1253 2263 uon
1276 2195 1317 2257 alit

141 2277 146 2290 ’
211 2287 391 2366 substantia
417 2286 513 2369 nigro
537 2283 604 2361 elisi
625 2284 841 2365 perithecium
866 2286 1003 2370 simplem
1023 2299 1122 2366 tenue
1146 2285 1316 2365 observatur,

209 2383 332 2450 stromat
354 2372 468 2452 aihum,
482 2387 561 2442 vcro
583 2367 701 2448 iisdem
720 2391 798 2432 uon·
810 2371 913 2449 deest
935 2381 941 2388 ‘

182 2551 187 2556 ,
292 2479 360 2542 Pro
381 2478 568 2544 charactere
588 2475 667 2560 irinc
697 2474 864 2554 essentiali
886 2475 1033 2540 remanet
1053 2489 1199 2551 amoma,
1227 2471 1255 2537 si
1271 2479 1323 2533 cum

210 2559 306 2635 thalli
338 2558 513 2646 superficie
547 2577 737 2644 comparas,
768 2560 912 2636 discolor¹
943 2562 1003 2640 (ne
1038 2560 1173 2644 quidem
1195 2560 1228 2620 iu
1248 2553 1319 2617 tirello

211 2645 287 2725 albo
322 2647 454 2722 omuino¹
487 2645 677 2724 concolor),
715 2666 876 2729 nunquam
905 2664 923 2706 a
952 2657 1053 2706 strato
1076 2643 1229 2707 corticali
1248 2639 1320 2701 obdo-

64 2733 66 2740 '
153 2789 159 2800 r
208 2744 319 2810 ctum,
341 2732 421 2796 licet
443 2729 478 2791 io
497 2729 892 2810 Eutrypethelinis
915 2727 1044 2811 saepius
1075 2728 1115 2793 ad
1147 2723 1322 2814 superficiem

208 2815 398 2898 induratum
419 2813 657 2897 saturatiusque
680 2814 872 2892 colonatum.

184 2924 194 2952 ¹
294 2924 386 3004 idem
407 2934 528 2986 stroma
543 2941 616 2982 cum
637 2918 730 2980 thalli
753 2920 931 2986 substantia
947 2917 1117 2984 medullari
1136 2925 1323 3000 comparatu!

210 3007 313 3090 mpgis
335 3007 484 3084 minusve
506 3006 661 3067 concolor
682 3016 743 3066 est.
786 3007 912 3069 Exinde
934 3007 969 3070 in
992 3019 1163 3087 systemate
1181 3005 1256 3067 olim
1274 3013 1323 3080 pte·

211 3093 323 3174 posito
341 3111 403 3174 pro
426 3090 614 3170 charactere
635 3090 957 3157 essentialiexhibui
991 3091 1192 3154 substantiae
1223 3101 1323 3150 strom·

159 3243 162 3254 ,
211 3175 257 3246 tis
280 3175 441 3270 strptiquc
461 3173 647 3236 medullaris
669 3171 895 3250 identitatem,
931 3195 1014 3260 quoe
1035 3195 1143 3258 oeque
1167 3185 1265 3237 strato
1283 3183 1323 3226 mt

213 3259 332 3342 dullari
366 3260 420 3340 int„
435 3258 601 3338 nonnullis
630 3255 824 3333 deficiente,
867 3281 976 3344 neque
1016 3258 1234 3322 continuitate
1270 3253 1323 3314 ints

211 3337 349 3429 ptraque
370 3345 573 3426 interrupta,
612 3362 719 3426 neque
748 3343 872 3408 lineola
894 3345 991 3425 muter
1023 3357 1183 3433 utraque!
1220 3340 1248 3402 si
1283 3331 1323 3398 alil

212 3429 510 3517 statuissemus
542 3425 681 3510 solitae.
1114 3439 1117 3446 ⁴

297 3536 475 3619 Enimrero
513 3532 547 3614 in
580 3530 855 3622 Glyphideis
875 3548 995 3600 stroma
1019 3533 1125 3612 album
1148 3531 1323 3617 originem*

212 3631 318 3696 strato
336 3617 505 3702 medullari
533 3621 687 3702 marginis
708 3619 859 3698 thallodis
880 3621 920 3682 ad
941 3622 1085 3702 speciem
1110 3619 1201 3681 circs
1231 3606 1323 3697 spotht

216 3703 267 3765 cia
290 3704 428 3786 collecto
447 3702 774 3786 manifeste'indicat‚
798 3704 844 3782 ita¹
873 3719 910 3784 ut
942 3703 1130 3786 Glyphis
1152 3702 1195 3764 sd
1218 3695 1323 3762 Lelos

213 3788 427 3874 reumatis
458 3788 637 3862 sectionem
668 3788 931 3869 Medusulam
957 3790 1107 3872 proxime
1140 3784 1281 3848 accedat·
1316 3774 1323 3834 l

214 3871 614 3958 Eutrypethclinis
635 3886 756 3955 struma
777 3888 811 3936 et
833 3875 922 3936 thalli
945 3888 1075 3936 stratum
1094 3855 1323 3934 medullarasul

213 3959 292 4042 inde
324 3977 440 4042 parum¹
463 3956 623 4038 discolora
647 3972 739 4038 sunt,
774 3960 834 4034 sed
865 3972 1052 4022 constanter
1081 3953 1248 4018 stromatis
1276 3941 1323 4008 coll

215 4063 286 4114 rem
305 4042 445 4124 nonnisi
493 4042 681 4106 intensitate
714 4057 749 4120 et
778 4043 951 4125 splendore
980 4043 1019 4104 ab
1051 4041 1153 4104 altero
1178 4037 1323 4100 distinctu

217 4125 366 4194 invenies
389 4125 468 4209 (cler
496 4125 657 4210 imprimis
678 4127 997 4191 Astrotlnelium
1019 4124 1246 4208 conicum),¹
1276 4131 1323 4198 qut

216 4205 315 4274 facilc
336 4211 558 4296 insubstantia
588 4213 701 4272 eadem
732 4213 766 4272 in
796 4227 894 4276 strato
922 4211 1015 4275 thalli
1037 4206 1222 4278 medullari,
1246 4193 1323 4265 occul

217 4305 254 4374 et
283 4294 317 4355 io
353 4308 489 4360 stratum
519 4307 618 4358 tenue
649 4315 805 4378 expansa,
834 4298 867 4360 in
898 4309 1053 4362 stromate
1084 4313 1165 4362 vcro
1194 4301 1323 4374 eggrtgt
