2688 4898
345 267 530 330 Laesum.
564 265 733 330 crassus.
758 302 764 319 ‹
1054 267 1119 344 :139

90 447 184 508 Planta
212 445 309 510 variis
345 447 431 510 notis
463 470 480 508 a
510 444 611 509 Call.
648 445 803 510 bullato
843 448 912 510 Sw.
942 448 1113 528 distincti,
1143 515 1146 520 .

36 551 61 590 tn
78 530 187 611 species
211 530 371 613 propria„
400 531 433 592 in
455 530 537 595 locis
565 530 723 592 natalibus
752 532 938 595 eruendum.
962 537 1114 600 =Thallus

32 613 103 690 laxus,
120 613 216 674 tenuis
237 623 310 694 (uec
330 614 554 691 tenerrimus),
577 614 660 677 laete
681 613 796 678 viridis
816 637 926 696 parum
948 619 1113 701 nigricans

32 699 86 772 (nec
106 696 294 777 plumbeus),
328 711 416 763 totus
438 700 537 761 dense
565 712 598 760 et
616 699 808 760 tenuissime
829 699 1113 786 plicato-regulo·

31 802 68 840 sus
86 785 149 857 (nec
167 783 377 864 granatum),
408 784 499 866 rugis
528 783 586 844 sub
610 805 689 866 aqua
709 783 959 866 persistentibus
993 789 1031 849 ad
1053 809 1113 872 po-

32 861 94 923 lesia
118 863 207 946 plicas
235 865 483 950 longitudinales
513 867 721 940 sistentibus,
760 867 882 928 ambitu
912 871 961 945 (iu
991 875 1113 936 nostris

30 945 119 1008 iaaac
137 947 167 1008 in
189 950 398 1014 Cladoniis
420 951 568 1034 plurimis
591 949 767 1026 (illiciente,
791 951 965 1015 secundum
982 957 1111 1019 iconem

31 1030 137 1094 citataml
166 1035 470 1098 rotundato-lebate
504 1036 646 1120 crispato
683 1036 918 1099 subcreuulato.
976 1041 1112 1104 Podeti'a

30 1115 164 1191 cylindrica
184 1119 258 1194 (nec
279 1122 493 1199 ventricosa),
517 1141 609 1194 cara,
632 1119 880 1194 ceulertissimtn
905 1122 1111 1206 chirothecae

30 1197 58 1256 al
72 1199 164 1261 luciam
181 1201 336 1288 ‹ligitatim
354 1206 440 1267 inter
455 1227 490 1266 se
507 1204 723 1278 cohaerentia,
745 1203 848 1268 3-6
869 1205 924 1266 liu.
947 1205 1024 1283 (nec
1045 1209 1111 1272 ι-3

31 1280 82 1357 liu.)
92 1281 176 1368 longa.
204 1289 383 1370 Apothecia
397 1287 523 1370 juniora
537 1290 571 1350 in
584 1291 725 1372 podetiis
741 1303 813 1352 ante
828 1291 996 1372 apothecis
1012 1292 1114 1356 effer-

31 1367 95 1428 matis
111 1369 319 1450 crassiusculis
345 1373 589 1458 punctiformia,
625 1373 771 1434 adultae
801 1373 916 1435 lamina
945 1374 1112 1440 discoides

32 1452 181 1514 crassissima
202 1456 236 1516 iu
267 1459 447 1519 summitate
469 1457 596 1540 podetii
625 1457 780 1537 impressa
800 1469 868 1518 tota
890 1457 1001 1524 adnata
1032 1462 1110 1540 (nee

29 1534 89 1593 utin
113 1537 249 1618 pluribus
278 1540 427 1603 affinibus
449 1543 569 1604 ausbitu
590 1541 724 1616 libera),
760 1559 897 1602 concava
927 1557 1002 1616 (nec
1030 1565 1109 1616 cou-

28 1617 193 1701 latuscula),
216 1625 445 1710 immerginata,
468 1628 530 1686 nisi
551 1625 718 1706 pudetium
744 1625 778 1684 in
803 1624 922 1685 ambitu
943 1628 1109 1710 turgidum

27 1695 134 1764 laninam
161 1709 324 1790 apothecii
352 1710 541 1793 (praecipue
563 1709 597 1769 in
624 1709 809 1787 exsiccatis)
837 1709 953 1792 unguis
981 1713 1020 1774 ad
1042 1733 1112 1775 me·

28 1781 77 1844 lum
93 1787 268 1871 impressam
295 1815 450 1876 superans
471 1816 530 1876 pro
554 1793 697 1876 margine
717 1792 853 1869 habeus,
884 1795 1010 1856 demum
1030 1795 1111 1868 dila·

27 1877 83 1942 tata,
101 1873 133 1934 ad
151 1873 340 1938 diametrum
362 1879 582 1949 trilincarem‚
617 1878 775 1960 integram
796 1877 922 1960 podetii
945 1881 1108 1954 summita-

26 1959 68 2012 ten
81 1961 223 2038 tegentia,
251 1959 329 2023 hinc
349 1963 502 2048 utrinque
526 1958 665 2036 reflexa,
688 1961 780 2024 illinc
801 1961 840 2023 ad
862 1964 1109 2027 conversionem
1190 2019 1193 2031 s

27 2040 171 2180 contrariam
198 2065 340 2111 concava
367 2048 520 2132 utrinque
541 2047 683 2122 elevata,
722 2045 804 2130 pilei
833 2045 943 2129 gallici
972 2047 1110 2112 formam
1136 2099 1139 2110 .

29 2136 88 2180 aaut
99 2139 184 2190 antra.

24 2267 183 2438 Rdngscit
203 2276 236 2340 in
259 2272 405 2340 Brasilla
428 2277 517 2359 (cum
538 2273 621 2340 coll.
641 2271 761 2342 carrea
781 2273 867 2338 Aca.
884 2275 1105 2346 commixtum.

44 2373 59 2410 a
91 2378 107 2417 l·
504 2384 509 2390 .
1068 2377 1074 2394 ,

76 2507 105 2565 C.
151 2507 387 2573 bullatum?
444 2509 719 2588 sertatum3†
758 2507 856 2572 thalla
907 2511 1106 2595 galatinoso·

20 2587 222 2672 membranaceo
254 2595 431 2656 tenerrimo
454 2593 672 2674 subdiaphano
700 2593 832 2675 prasino
855 2597 1009 2678 rugulusu
1030 2598 1108 2659 sub·

20 2675 204 2756 uuuophysso,
228 2678 505 2754 subsannantem,
534 2677 679 2743 scutellis
702 2678 819 2761 crassis
842 2675 876 2737 in
897 2678 1104 2760 podetioruua

20 2765 132 2820 tttcrum
158 2763 255 2844 apice
284 2763 362 2826 totis
389 2763 543 2838 asinarias
561 2759 713 2824 convexis
741 2758 853 2836 rufis,'
870 2763 1016 2846 margine
1036 2765 1107 2849 ple·

20 2851 121 2925 lumque
140 2845 284 2936 tlrallode
305 2846 662 2913 frondoso-arenulae
684 2845 836 2928 crispato.

74 2990 209 3057 Plantula
230 2993 440 3078 praecedenti
461 2994 609 3058 varietati
636 2993 785 3058 omnibns
813 2994 897 3058 notis
923 2994 1105 3074 simillima,

20 3065 56 3128 tisi
78 3079 158 3158 quod
184 3078 335 3142 amnibus
359 3079 504 3161 partibus
527 3079 627 3144 multo
651 3079 758 3140 minor
780 3077 833 3140 sit.
877 3077 1008 3142 Thallus
1030 3081 1108 3148 hine

20 3155 182 3222 tutissimus
205 3162 393 3228 sublucerua
412 3165 581 3247 (quantum
599 3183 641 3224 ex
660 3163 891 3246 speciminibus
910 3163 1005 3226 laesis
1022 3164 1109 3247 judi·
1140 3169 1146 3180 ’

20 3249 62 3298 lte
86 3241 174 3326 licet)
208 3249 356 3332 margine
386 3247 786 3310 denticulato-creuulato.
838 3247 998 3314 scutellae
1029 3249 1107 3316 deis
1143 3294 1144 3300 κ

20 3317 152 3410 lltraeque
185 3330 269 3410 (non
298 3333 424 3409 omnes)
454 3351 616 3395 convexae
651 3331 779 3417 quidam
809 3345 844 3395 et
873 3332 1000 3394 demum
1032 3333 1106 3396 fere

20 3397 257 3493 lanisphaericae
272 3416 473 3500 proprioque
493 3418 636 3498 margine
660 3417 848 3487 destitutae,
881 3415 938 3478 sed
960 3418 1105 3500 margins

20 3481 114 3577 lallcde
134 3498 243 3564 libero
264 3521 289 3561 s.
320 3500 429 3581 potius
451 3514 539 3563 serto
560 3493 593 3562 e‘
608 3499 732 3563 foliolis
761 3500 958 3564 tenuissimis
988 3501 1103 3568 imbri-

20 3573 63 3638 atis
81 3582 222 3666 crispato
236 3583 429 3649 -cranulatis
451 3583 634 3668 composito
655 3584 780 3650 cinctae
801 3597 884 3652 aaut.

66 3753 184 3825 Crescit
205 3763 241 3828 in
263 3761 411 3830 Bra-tilia
430 3763 464 3828 in
485 3763 612 3832 muscis.
881 3804 885 3832 t
