2656 4902
37 583 40 607 Ι
115 565 119 573 .
165 579 168 583 ,
208 511 270 576 riis
298 503 540 592 emergentibus
561 473 709 576 ‘demum
747 464 1001 585 subterluente,
1037 487 1170 572 verruca
1194 499 1321 574 thallode⁴

168 381 175 404 0
207 334 272 430 148
352 293 365 338 Ἰ
547 295 713 396 brennus.
740 325 924 390 Paurarrn
939 344 998 389 our.

292 594 366 655 ulla.
1206 599 1212 626 l

210 595 451 788 albuIffyrenula
471 695 749 773 uerrucarioidee,
777 665 866 760 Acis.
888 699 971 784 Syn.
991 719 1027 782 p.
1047 695 1134 776 ηιμ)
1195 667 1197 673 V

297 805 431 870 Thallus
464 805 498 867 in
520 803 688 866 nonnullis*
709 825 727 867 a
751 795 969 886 praecedente
996 806 1055 868 vix
1071 806 1138 868 nisi
1162 805 1304 888 juveutute,

178 913 182 920 ·
209 895 287 956 hinc
303 891 461 954 tenuitate
482 902 514 950 et
537 889 650 950 colore
670 889 824 969 puriore,
856 890 1049 966 distinctus,
1082 891 1159 952 alias
1182 893 1252 953 rero‘
1270 913 1305 948 m·

211 980 341 1063 gulosus
355 975 432 1037 hiuc
442 973 518 1035 inde
527 971 682 1034 deficiens
692 972 741 1034 illi
761 975 992 1056 Graphidis
1014 975 1204 1038 confinis
1215 973 1305 1036 similit.

212 1061 393 1145 Apothecia
415 1057 685 1139 praecedentibus
713 1057 809 1137 paulo
835 1060 962 1120 minore
985 1061 1187 1142 emergentia
1208 1060 1237 1119 in
1259 1079 1302 1118 rer·

148 1193 154 1219 ,
213 1167 291 1208 ruca
310 1143 401 1205 tenui
422 1143 550 1204 demum
566 1140 636 1202 lere
654 1140 762 1214 nulla,
785 1157 949 1204 caeterum
971 1163 1036 1203 nou
1059 1145 1197 1207 diversa.
1227 1141 1321 1204 Ostia»¹

212 1233 280 1294 lum
309 1229 357 1289 ad
380 1226 502 1288 lentem
535 1246 646 1305 parum
679 1226 867 1310 prominens
901 1225 1103 1307 cuspidatum
1145 1223 1321 1309 papillam*

215 1311 344 1376 'l'hecae
358 1310 629 1393 praecedentibus
648 1309 749 1373 multo
768 1311 930 1386 minores,
954 1324 1084 1386 ovatae,
1108 1331 1239 1395 opacae,
1257 1309 1301 1369 siu·

213 1399 316 1482 pl'tces
334 1395 387 1462 vel
404 1392 706 1470 acmel‘annulatae.

297 1497 423 1562 Crescit
447 1497 482 1559 in
502 1496 615 1560 iisdem
641 1517 714 1560 cum
737 1497 954 1582 praecedente
980 1498 1157 1564 corticibus
1177 1499 1262 1584 inque
1272 1515 1303 1558 ro-

214 1587 350 1652 rundem
368 1575 524 1662 confinio.

295 1692 445 1755 Adnot.
487 1688 541 1753 Ob
562 1689 673 1750 thecas
692 1687 901 1770 imperfectas
926 1690 1135 1770 obscuratas,
1158 1684 1321 1774 apothecis-1

210 1797 285 1843 rum
303 1777 441 1839 formem
464 1773 650 1834 diminutam
671 1784 768 1857 etque
796 1771 890 1834 thalli
913 1773 947 1834 in
969 1777 1136 1839 nonnullis
1161 1765 1321 1837 conforma-¹

165 1869 168 1874 '
212 1865 338 1926 tionem
370 1855 538 1938 apothecis
565 1857 653 1917 haec
688 1877 749 1938 pro
781 1857 937 1920 abortivis
963 1858 1040 1922 binc
1074 1861 1153 1923 inde
1181 1859 1213 1920 in
1238 1853 1305 1919 thullo

212 1941 446 2029 Grapbidis
468 1937 611 2003 confinis
627 1939 811 2024 parasiticis
832 1941 954 2004 habere
976 1964 1042 2008 non
1062 1945 1189 2008 dubito.

365 2125 394 2188 t·
419 2096 757 2183 eunenusrnun
780 2127 1190 2193 superuenerunt

224 2329 226 2336 Ι
290 2255 327 2319 1¹.
345 2233 456 2317 cunata
468 2249 668 2336 inaequabili
681 2249 945 2326 fusco-aurantius,
972 2252 1154 2334 apotheeiia
1169 2247 1309 2338 lageuilor·

208 2339 312 2426 ntibus
322 2341 357 2400 in
368 2355 502 2401 verruca
514 2337 605 2398 tenui
619 2335 891 2410 semiimmersis,
916 2337 950 2408 in
974 2337 1134 2400 circulum
1150 2335 1310 2424 aggregatis,

208 2421 335 2490 ostiolis
357 2415 559 2502 subseptenis
575 2419 830 2483 horizontalibus
850 2420 972 2482 conicit
992 2421 1194 2487 subcurratis
1210 2437 1312 2484 couver-

208 2509 376 2600 geutibus,
392 2504 500 2567 medio
520 2505 554 2564 in
570 2523 606 2566 oe
625 2521 795 2564 commuue
817 2505 981 2582 connatis,
1001 2507 1119 2571 nucleo
1144 2497 1313 2574 curditorui·

291 2611 381 2700 Syru.
404 2606 503 2672 Lice.
518 2602 587 2694 fig.
611 2609 660 2674 15.
681 2629 712 2669 a.
737 2609 767 2670 b.
790 2630 818 2670 c.
840 2607 873 2672 d.

295 2719 428 2783 Thallus
452 2731 639 2779 crustaceus
661 2709 832 2793 (vetustis)
853 2715 1041 2800 regulatus,
1068 2719 1148 2784 hinc
1171 2719 1245 2782 inde
1262 2714 1277 2776 d
1292 2708 1312 2772 l·

209 2806 304 2868 ciens
324 2805 377 2868 rel
398 2802 580 2884 nigricans,
615 2801 703 2862 circa
730 2799 900 2882 apothecia
927 2803 1129 2864 verruculum
1161 2805 1313 2887 depressas

189 2887 393 2956 ,efformanu
454 2883 638 2968 Apothecia
672 2883 795 2944 iubae
827 2904 964 2948 verruca
993 2888 1261 2950 semi-immersa
1282 2875 1321 2942 rell

207 2972 310 3053 magis
339 2966 577 3050 preminentia,
614 2988 690 3028 aena
719 2980 896 3048 reptenave
928 2969 963 3030 in
996 2972 1156 3034 circulum
1180 2979 1313 3054 congestu

206 3069 243 3118 ut
265 3059 299 3116 in
320 3050 547 3136 praecedentis
570 3050 694 3133 speciei
715 3049 819 3114 forma
840 3053 1000 3130 normali3
1030 3056 1181 3136 ejusdem
1212 3065 1312 3142 quoqtt

206 3136 453 3221 magnitudinis,
476 3136 516 3199 ad
536 3136 619 3197 letus
641 3134 726 3196 infra
747 3135 878 3197 thallum
901 3138 935 3198 iu
958 3139 1112 3201 ostiolum
1130 3143 1252 3205 sensim
1265 3154 1315 3218 pro·

208 3224 324 3301 ducta;
355 3221 523 3303 decrepita
553 3233 678 3300 partem
712 3221 916 3301 superiorem
946 3223 1125 3286 amittentia
1155 3226 1209 3292 vel
1239 3219 1321 3292 debit-g

207 3309 314 3371 centia
340 3302 624 3388 longitudinaliter
653 3315 764 3384 aperta
794 3301 892 3380 (icon.
914 3304 967 3367 cit.
993 3309 1054 3386 te).
1102 3311 1236 3374 Ostiola
1256 3295 1321 3368 hori-l

156 3382 160 3392 ’
207 3391 372 3466 nontalia,
399 3389 459 3452 sub
487 3387 585 3450 thallo
605 3387 757 3464 latentia,
786 3387 930 3470 ejusdem
953 3390 1026 3453 sere
1049 3412 1124 3454 cum
1145 3395 1249 3478 partis
1271 3386 1321 3470 glor

207 3475 307 3538 besee
327 3475 486 3536 diametro
503 3472 735 3554 longitudinis,
758 3473 903 3535 a'medio
919 3494 1032 3538 versus
1043 3491 1203 3541 centrum
1223 3487 1321 3538 sursum

123 3581 127 3590 ·
208 3573 360 3635 curvata,
388 3559 422 3620 in
443 3578 479 3619 os
506 3576 676 3618 commune
699 3575 868 3640 emergens
890 3557 1319 3646 papillato-cuspidatumdr

124 3637 127 3653 '
206 3643 357 3708 sinentis.
399 3641 542 3703 Nucleus
560 3640 735 3724 peritbecii
752 3639 877 3720 formae
891 3643 1044 3706 interiori
1060 3645 1246 3729 adaptatur,
1266 3642 1309 3703 h'u

205 3728 352 3795 velcum
372 3717 1045 3808 ejusdemformaciternalageniformis,
1080 3733 1132 3795 vel
1165 3733 1196 3794 ei
1226 3729 1298 3791 ecrit

205 3809 349 3876 interior
369 3821 503 3892 anguste
522 3823 587 3884 est,
618 3807 797 3888 cylindrico
811 3829 1061 3892 -oompressua,
1094 3815 1134 3876 ad
1158 3816 1253 3878 basin
1273 3827 1314 3873 sat

207 3899 281 3984 pius
301 3895 343 3959 ob
359 3892 499 3956 ,fundum
529 3892 703 3976 peritbecii
731 3892 887 3973 (plurium
911 3895 1272 3964 Verrucariarum
1299 3915 1309 3954 t

206 3982 350 4060 modum)
378 3979 556 4039 introrsum
587 3977 782 4058 productum
816 3975 1171 4064 furente-bipartitus,
1222 3979 1312 4045 duabu

204 4063 388 4150 ‘peritbecii
398 4061 516 4124 loculis
538 4073 572 4123 et
589 4063 699 4124 nuclei
715 4060 868 4125 cornibus
888 4084 1000 4127 uersus
1020 4068 1179 4130 ostiolum
1200 4069 1236 4130 in
1251 4087 1303 4128 unu

206 4146 443 4212 confluentibus
464 4141 563 4226 (icon.
585 4143 638 4207 cit.
661 4153 705 4222 c.)
748 4145 876 4210 Therae
894 4169 1028 4232 parrae,
1052 4152 1243 4235 ellipticee,
1265 4169 1299 4235 qu

205 4239 281 4297 tuor
299 4233 446 4316 operulas
467 4228 684 4296 continentes.
1320 4259 1321 4264 ¹

288 4335 407 4401 incolit
428 4335 578 4437 corticem
599 4333 728 4402 arboris
745 4301 900 4404 riodorom
916 4358 1023 4424 prope
1046 4335 1148 4404 Para'.
