2760 4922
184 355 229 422 44
551 349 680 408 Auens.
733 343 947 405 Crsrosnrns.
988 375 1005 390 ν

267 527 361 592 Inter
380 525 621 611 rejectamentu-
633 522 733 586 maris
750 521 785 585 t'n
803 534 903 606 portu
926 519 1267 610 Sebastianopolitano
1292 537 1326 587 et

186 611 458 699 Soteropolituno.

455 755 461 762 ·
527 750 555 800 s.
585 717 725 799 ancus
757 717 975 797 nouosus.

269 861 310 923 F.
329 857 420 920 caule
441 852 802 937 compressouesiculis
821 852 939 914 innatis
956 853 1010 916 bic
1027 853 1097 916 illic
1118 852 1244 928 inllato,
1269 877 1329 924 re·

188 943 364 1032 captaculis
381 939 569 1004 lateralibus
595 937 743 1002 distichis
760 936 983 1020 pedunculatis
1002 938 1249 1021 pyriformibus.

269 1043 568 1132 A.spec.1.85.
606 1039 697 1127 Syst.
725 1045 796 1124 275.
844 1039 948 1108 Turn
976 1040 1061 1106 Htss.
1080 1055 1104 1106 t.
1123 1067 1176 1128 9¹·
1215 1042 1328 1128 Engl.

305 1071 392 1197 gBot.
411 1141 434 1193 t.
453 1141 542 1234 57o.⁸
559 1123 651 1194 Flor.
678 1123 772 1188 Dan.
788 1136 811 1188 t.
833 1127 901 1204 146.
930 1123 1012 1230 Eup.
1030 1139 1053 1191 t.
1070 1152 1102 1211 7.
1121 1133 1173 1196 00.
1197 1131 1271 1204 abu.

270 1250 404 1325 Frons
426 1281 445 1322 o
466 1258 558 1321 basi
595 1254 709 1320 conica
730 1255 817 1317 duos
846 1255 887 1317 ad
914 1271 1054 1341 quatuor
1080 1259 1182 1342 pedes
1209 1259 1328 1342 longa,

189 1347 271 1410 duos
293 1345 333 1407 ad
355 1359 494 1428 quatuor
514 1342 616 1404 lineas
636 1343 698 1403 lata
721 1355 753 1402 et
778 1340 816 1420 jn
841 1341 1056 1404 vesiculas
1087 1342 1245 1427 oblongas
1278 1343 1330 1404 in-

191 1430 317 1492 terdum
338 1427 410 1492 fere
432 1427 528 1513 digiti
549 1424 697 1490 crassitie
718 1421 844 1498 inflata,
866 1425 1131 1502 subdichotoma,
1161 1426 1330 1501 ultraneo,
1347 1499 1352 1510 ,

192 1515 353 1579 exsiccata
373 1513 485 1596 nigra,
519 1509 760 1595 sporsngiis
780 1508 976 1588 linearibus,
1005 1511 1154 1598 oblongis
1177 1523 1233 1573 aut
1253 1511 1330 1594 ple·

191 1619 329 1685 rumque
352 1594 596 1680 pyrilorsnibus.
957 1591 962 1602 '

140 1703 145 1712 “
272 1703 314 1768 In
335 1721 395 1766 cra
417 1698 584 1766 Bruailioc
603 1698 790 1806 orientalisr
817 1695 857 1761 cl.
885 1672 1034 1762 Tilenus.

522 1929 653 1989 xxnu.
679 1929 914 2002 cusrosnms
936 1945 984 1985 us.

291 2067 562 2166 Sporangia
594 2067 781 2153 loculosa,
830 2065 1075 2149 naberculata,
1118 2063 1331 2139 tuberculis

197 2169 357 2267 pertusis
389 2164 663 2240 includentibus
697 2165 926 2262 gongylos
960 2161 1220 2236 subsolitarios
1261 2183 1331 2238 aut

192 2289 332 2364 paucos
365 2263 526 2361 gelatina
558 2264 742 2340 involutos
772 2262 917 2361 filisque
948 2260 1149 2335 articulatis
1175 2263 1330 2334 immer-

141 2369 144 2377 “
194 2387 277 2449 sos,
311 2364 351 2436 in
375 2362 529 2435 thallo
553 2361 734 2435 frondoso
761 2361 1010 2433 axillariaaut
1031 2360 1254 2433 terminalia.

82 2551 84 2556 Ι
291 2463 441 2536 Frons
475 2459 707 2546 castlcscens,
747 2459 864 2530 oassle‘
890 2456 1053 2532 fibroso-
1067 2458 1331 2556 subcurtilagi·

92 2646 95 2652 ι
192 2585 277 2634 neo.
335 2555 441 2636 Folia
463 2557 618 2658 pinnata
642 2575 705 2630 aut
726 2557 955 2643 dichotoma,
996 2557 1173 2630 inferiora
1199 2558 1331 2657 expla-

192 2676 298 2743 nata,
340 2683 384 2730 su
410 2657 533 2730 eriora
565 2654 750 2731 filiformia
773 2656 813 2726 in
834 2654 1070 2734 vesiculas
1097 2674 1331 2729 concatena-

166 2773 252 2828 ‘tas
277 2681 440 2853 turgida,
479 2755 619 2855 absque
651 2755 757 2855 poris
787 2752 982 2828 mucilluis.
1051 2755 1163 2844 Color
1194 2753 1331 2830 fuscus

194 2854 253 2930 vel
276 2854 475 2952 nigricans.

420 3068 424 3079 ι
467 3037 495 3088 l·
533 3035 809 3087 cusrosntnu
843 3039 1048 3088 utnon.
1165 3087 1171 3092 .

161 3193 162 3196 ,
280 3143 317 3205 C.
339 3139 429 3204 loliis
450 3139 628 3204 inermibus
652 3139 861 3204 liliformibus
881 3141 1128 3218 ramosissimis,
1167 3139 1335 3206 vesiculis

197 3227 317 3289 innatis
334 3224 618 3307 ovato-ellipticis
632 3225 913 3289 subconcatenatis
930 3226 1144 3310 receptaculis
1161 3224 1335 3289 liliformi·

196 3310 257 3373 bus
276 3308 511 3372 terminalibus.

281 3413 317 3476 A
342 3460 349 3476 .
372 3411 464 3498 Spes.
482 3412 581 3477 Ltus.
613 3409 637 3475 S
662 3425 704 3480 st.
723 3417 794 3484 285.
835 3409 939 3477 Turn.
962 3411 1048 3482 Hiar.
1070 3425 1184 3498 bauo.
1218 3411 1334 3501 Engl.

316 3437 401 3561 {lot
422 3495 512 3582 1969.
535 3435 666 3564 Stantis
688 3498 768 3562 Ner.
789 3495 893 3566 Britt.
908 3509 933 3561 t.
954 3514 1002 3576 ru.

279 3628 392 3692 Baris
410 3628 690 3696 calloso-scutata.
728 3632 861 3694 Frons
880 3626 1048 3711 tripedalis
1064 3639 1097 3689 et
1111 3629 1204 3690 ultra.
1228 3629 1258 3690 C
1270 3652 1341 3692 au·

198 3713 254 3774 lis
277 3711 429 3788 strictus,
461 3727 568 3788 teres,
606 3713 676 3775 basi
692 3733 820 3812 pennae
838 3731 978 3794 cygneus
999 3711 1165 3783 crassitie,
1205 3715 1340 3775 sensim

197 3809 397 3870 attenuatus,
442 3815 460 3855 c
485 3796 577 3858 loliis
602 3795 815 3860 infertoribus
836 3795 996 3858 diffractis
1022 3796 1124 3857 veluti
1147 3795 1341 3861 tuberculis

198 3881 327 3944 inferne
343 3879 502 3953 nodosus,
532 3881 685 3966 utrinque
705 3883 855 3944 emittens
871 3880 982 3942 lolia
1000 3879 1157 3953 disticha,
1190 3879 1338 3958 alterna,

199 3965 283 4027 cauli
303 3963 423 4030 similia
440 3963 495 4026 sed
515 3966 683 4039 tenuiora,
718 3967 752 4027 in
772 3986 853 4027 nova
871 3963 984 4026 foliola
1007 3965 1195 4046 perplures
1220 3966 1340 4029 series

199 4050 321 4126 divisa,
342 4068 621 4133 ‚quorumcumma
639 4064 783 4122 setacea,
814 4048 907 4128 plana
927 4047 1156 4130 sesquiliueam
1171 4048 1271 4132 longa
1303 4067 1343 4114 et

139 4161 141 4166 v
200 4133 378 4216 simplicis,
400 4133 453 4196 vel
472 4151 614 4230 unguem
632 4132 728 4217 longa
745 4147 778 4194 et
792 4131 929 4194 bitures.
973 4131 1195 4198 Vesiculae
1217 4133 1253 4194 in
1278 4155 1340 4196 su-

200 4217 332 4298 periore
356 4229 449 4298 parte
474 4215 630 4280 fohorum
656 4216 800 4294 innatae,
841 4217 1020 4299 ellipticac,
1061 4217 1185 4279 fructus
1211 4217 1340 4282 Viciae

179 4314 182 4322 ¹
200 4300 420 4382 magnitudine
435 4316 503 4363 tres
519 4300 571 4364 vel
590 4314 704 4385 quator
722 4316 948 4364 concatenatae
965 4303 1014 4366 vel
1034 4300 1196 4364 interdum
1216 4301 1339 4364 solita-

201 4383 289 4456 riae,
325 4403 420 4466 saepe
445 4385 594 4449 foliolum
619 4386 815 4447 emittentes:
865 4386 1143 4468 Receptacula
1172 4385 1208 4446 in
1234 4383 1336 4448 foliis

201 4467 401 4544 terminalis,
424 4469 561 4534 uncialis
577 4483 610 4533 et
626 4470 725 4548 ultra,
755 4467 937 4549 bliformia,
966 4457 1176 4536 tuberculata.
1228 4469 1340 4534 Color
