<?xml version="1.0" encoding="UTF-8"?>
<!DOCTYPE html PUBLIC "-//W3C//DTD XHTML 1.0 Transitional//EN"
    "http://www.w3.org/TR/xhtml1/DTD/xhtml1-transitional.dtd">
<html xmlns="http://www.w3.org/1999/xhtml" xml:lang="en" lang="en">
 <head>
  <title>
</title>
<meta http-equiv="Content-Type" content="text/html;charset=utf-8" />
  <meta name='ocr-system' content='tesseract 3.04.00' />
  <meta name='ocr-capabilities' content='ocr_page ocr_carea ocr_par ocr_line ocrx_word'/>
</head>
<body>
  <div class='ocr_page' id='page_1' title='image "./florabrasiliens01tullgoog_0243.png"; bbox 0 0 2688 4898; ppageno 0'>
   <div class='ocr_carea' id='block_1_1' title="bbox 210 241 1031 342">
    <p class='ocr_par' dir='ltr' id='par_1_1' title="bbox 210 241 1031 342">
     <span class='ocr_line' id='line_1_1' title="bbox 210 241 1031 342; baseline -0.002 -38"><span class='ocrx_word' id='word_1_1' title='bbox 210 243 272 322; x_wconf 77' lang='lat'><strong>232</strong></span> <span class='ocrx_word' id='word_1_2' title='bbox 579 241 758 306; x_wconf 73' lang='lat' dir='ltr'><strong>brennam.</strong></span> <span class='ocrx_word' id='word_1_3' title='bbox 796 242 966 320; x_wconf 60' lang='lat' dir='ltr'><strong>donamus.</strong></span> <span class='ocrx_word' id='word_1_4' title='bbox 1023 333 1031 342; x_wconf 89' lang='lat'><strong>.</strong></span> 
     </span>
    </p>
   </div>
   <div class='ocr_carea' id='block_1_2' title="bbox 174 419 1335 4358">
    <p class='ocr_par' dir='ltr' id='par_1_2' title="bbox 174 419 1333 2853">
     <span class='ocr_line' id='line_1_2' title="bbox 217 419 1310 504; baseline 0.006 -23"><span class='ocrx_word' id='word_1_5' title='bbox 217 419 357 504; x_wconf 79' lang='lat' dir='ltr'><strong>gelasins</strong></span> <span class='ocrx_word' id='word_1_6' title='bbox 381 419 505 500; x_wconf 88' lang='lat' dir='ltr'><strong>byalina</strong></span> <span class='ocrx_word' id='word_1_7' title='bbox 537 421 647 491; x_wconf 87' lang='lat' dir='ltr'><strong>(etiam</strong></span> <span class='ocrx_word' id='word_1_8' title='bbox 676 421 715 486; x_wconf 84' lang='lat' dir='ltr'><strong>ad</strong></span> <span class='ocrx_word' id='word_1_9' title='bbox 752 421 920 502; x_wconf 81' lang='lat' dir='ltr'><strong>maximum</strong></span> <span class='ocrx_word' id='word_1_10' title='bbox 953 433 1155 504; x_wconf 78' lang='lat' dir='ltr'><strong>augmentum</strong></span> <span class='ocrx_word' id='word_1_11' title='bbox 1186 421 1310 504; x_wconf 82' lang='lat' dir='ltr'><strong>similati)</strong></span> 
     </span>
     <span class='ocr_line' id='line_1_3' title="bbox 217 505 1310 590; baseline 0.005 -24"><span class='ocrx_word' id='word_1_12' title='bbox 217 505 300 566; x_wconf 86' lang='lat' dir='ltr'><strong>intra</strong></span> <span class='ocrx_word' id='word_1_13' title='bbox 318 515 450 564; x_wconf 88' lang='lat' dir='ltr'><strong>stratum</strong></span> <span class='ocrx_word' id='word_1_14' title='bbox 467 505 617 568; x_wconf 87' lang='lat' dir='ltr'><strong>certicale</strong></span> <span class='ocrx_word' id='word_1_15' title='bbox 633 506 737 568; x_wconf 87' lang='lat' dir='ltr'><strong>viride</strong></span> <span class='ocrx_word' id='word_1_16' title='bbox 755 507 911 590; x_wconf 82' lang='lat' dir='ltr'><strong>repletur,</strong></span> <span class='ocrx_word' id='word_1_17' title='bbox 935 506 987 566; x_wconf 91' lang='lat' dir='ltr'><strong>cui</strong></span> <span class='ocrx_word' id='word_1_18' title='bbox 1001 507 1126 568; x_wconf 76' lang='lat' dir='ltr'><strong>innatae</strong></span> <span class='ocrx_word' id='word_1_19' title='bbox 1146 520 1222 568; x_wconf 89' lang='lat' dir='ltr'><strong>sunt</strong></span> <span class='ocrx_word' id='word_1_20' title='bbox 1236 505 1310 572; x_wconf 84' lang='lat' dir='ltr'><strong>libras</strong></span> 
     </span>
     <span class='ocr_line' id='line_1_4' title="bbox 217 577 1313 674; baseline 0.006 -26"><span class='ocrx_word' id='word_1_21' title='bbox 217 587 405 670; x_wconf 78' lang='lat' dir='ltr'><strong>pellucidae</strong></span> <span class='ocrx_word' id='word_1_22' title='bbox 425 577 608 650; x_wconf 83' lang='lat' dir='ltr'><strong>&#39;articulatae</strong></span> <span class='ocrx_word' id='word_1_23' title='bbox 634 611 692 652; x_wconf 91' lang='lat' dir='ltr'><strong>seu</strong></span> <span class='ocrx_word' id='word_1_24' title='bbox 718 592 863 672; x_wconf 87' lang='lat' dir='ltr'><strong>sporulas</strong></span> <span class='ocrx_word' id='word_1_25' title='bbox 889 589 1037 674; x_wconf 81' lang='lat' dir='ltr'><strong>globosus</strong></span> <span class='ocrx_word' id='word_1_26' title='bbox 1058 590 1228 663; x_wconf 73' lang='lat' dir='ltr'><strong>foventes,</strong></span> <span class='ocrx_word' id='word_1_27' title='bbox 1256 593 1313 654; x_wconf 86' lang='lat' dir='ltr'><strong>alise</strong></span> 
     </span>
     <span class='ocr_line' id='line_1_5' title="bbox 217 671 1312 760; baseline 0.005 -28"><span class='ocrx_word' id='word_1_28' title='bbox 217 672 397 749; x_wconf 71' lang='lat' dir='ltr'><strong>(demum‘l)</strong></span> <span class='ocrx_word' id='word_1_29' title='bbox 429 673 682 749; x_wconf 88' lang='lat' dir='ltr'><strong>moniliformes,</strong></span> <span class='ocrx_word' id='word_1_30' title='bbox 712 671 822 760; x_wconf 86' lang='lat' dir='ltr'><strong>quales</strong></span> <span class='ocrx_word' id='word_1_31' title='bbox 847 675 945 746; x_wconf 67' lang='lat' dir='ltr'><strong>icone,</strong></span> <span class='ocrx_word' id='word_1_32' title='bbox 964 674 1062 743; x_wconf 84' lang='lat' dir='ltr'><strong>citato</strong></span> <span class='ocrx_word' id='word_1_33' title='bbox 1084 678 1312 754; x_wconf 77' lang='lat' dir='ltr'><strong>repraesentari·</strong></span> 
     </span>
     <span class='ocr_line' id='line_1_6' title="bbox 218 749 1313 840; baseline 0.004 -25"><span class='ocrx_word' id='word_1_34' title='bbox 218 777 304 828; x_wconf 88' lang='lat' dir='ltr'><strong>mus,</strong></span> <span class='ocrx_word' id='word_1_35' title='bbox 337 755 392 814; x_wconf 92' lang='lat' dir='ltr'><strong>ubi</strong></span> <span class='ocrx_word' id='word_1_36' title='bbox 415 749 497 840; x_wconf 76' lang='lat' dir='ltr'><strong>(fig.</strong></span> <span class='ocrx_word' id='word_1_37' title='bbox 520 754 568 816; x_wconf 88' lang='grc' dir='ltr'><strong>ΙΙ.Ι</strong></span> <span class='ocrx_word' id='word_1_38' title='bbox 589 769 620 833; x_wconf 62' lang='lat' dir='ltr'><strong>tp.</strong></span> <span class='ocrx_word' id='word_1_39' title='bbox 642 761 673 821; x_wconf 91' lang='grc'><strong>5.</strong></span> <span class='ocrx_word' id='word_1_40' title='bbox 699 767 731 818; x_wconf 85' lang='lat' dir='ltr'><strong>ct</strong></span> <span class='ocrx_word' id='word_1_41' title='bbox 753 757 798 837; x_wconf 79' lang='lat'><strong>6.)</strong></span> <span class='ocrx_word' id='word_1_42' title='bbox 830 758 869 820; x_wconf 88' lang='lat' dir='ltr'><strong>ad</strong></span> <span class='ocrx_word' id='word_1_43' title='bbox 890 758 1042 820; x_wconf 77' lang='lat' dir='ltr'><strong>sectionis</strong></span> <span class='ocrx_word' id='word_1_44' title='bbox 1065 757 1147 819; x_wconf 87' lang='lat' dir='ltr'><strong>latus</strong></span> <span class='ocrx_word' id='word_1_45' title='bbox 1175 760 1313 819; x_wconf 83' lang='lat' dir='ltr'><strong>sinistrum</strong></span> 
     </span>
     <span class='ocr_line' id='line_1_7' title="bbox 216 835 1313 925; baseline 0.005 -27"><span class='ocrx_word' id='word_1_46' title='bbox 216 838 392 920; x_wconf 78' lang='lat' dir='ltr'><strong>particulae</strong></span> <span class='ocrx_word' id='word_1_47' title='bbox 433 835 569 901; x_wconf 85' lang='lat' dir='ltr'><strong>limitem</strong></span> <span class='ocrx_word' id='word_1_48' title='bbox 607 843 649 904; x_wconf 95' lang='lat' dir='ltr'><strong>ob</strong></span> <span class='ocrx_word' id='word_1_49' title='bbox 682 842 888 905; x_wconf 70' lang='lat' dir='ltr'><strong>substantiam</strong></span> <span class='ocrx_word' id='word_1_50' title='bbox 924 842 1132 925; x_wconf 82' lang='lat' dir='ltr'><strong>gelatinosam</strong></span> <span class='ocrx_word' id='word_1_51' title='bbox 1169 842 1313 904; x_wconf 77' lang='lat' dir='ltr'><strong>dissectae</strong></span> 
     </span>
     <span class='ocr_line' id='line_1_8' title="bbox 216 921 1333 1016; baseline 0.003 -32"><span class='ocrx_word' id='word_1_52' title='bbox 216 923 329 984; x_wconf 88' lang='lat' dir='ltr'><strong>umbra</strong></span> <span class='ocrx_word' id='word_1_53' title='bbox 360 921 544 985; x_wconf 88' lang='lat' dir='ltr'><strong>distinctum</strong></span> <span class='ocrx_word' id='word_1_54' title='bbox 570 945 631 990; x_wconf 91' lang='lat' dir='ltr'><strong>nec</strong></span> <span class='ocrx_word' id='word_1_55' title='bbox 662 926 757 987; x_wconf 86' lang='lat' dir='ltr'><strong>ullam</strong></span> <span class='ocrx_word' id='word_1_56' title='bbox 791 925 902 988; x_wconf 83' lang='lat' dir='ltr'><strong>libram</strong></span> <span class='ocrx_word' id='word_1_57' title='bbox 932 926 1067 988; x_wconf 85' lang='lat' dir='ltr'><strong>solutam</strong></span> <span class='ocrx_word' id='word_1_58' title='bbox 1104 923 1333 1016; x_wconf 55' lang='lat' dir='ltr'><strong>prominentem}</strong></span> 
     </span>
     <span class='ocr_line' id='line_1_9' title="bbox 218 1006 1333 1084; baseline 0.006 -18"><span class='ocrx_word' id='word_1_59' title='bbox 218 1006 283 1084; x_wconf 87' lang='lat' dir='ltr'><strong>(uti</strong></span> <span class='ocrx_word' id='word_1_60' title='bbox 329 1006 435 1068; x_wconf 90' lang='lat' dir='ltr'><strong>solent</strong></span> <span class='ocrx_word' id='word_1_61' title='bbox 472 1007 572 1072; x_wconf 86' lang='lat' dir='ltr'><strong>fibrae</strong></span> <span class='ocrx_word' id='word_1_62' title='bbox 620 1011 756 1072; x_wconf 86' lang='lat' dir='ltr'><strong>aliorum</strong></span> <span class='ocrx_word' id='word_1_63' title='bbox 796 1009 959 1072; x_wconf 84' lang='lat' dir='ltr'><strong>lichenum</strong></span> <span class='ocrx_word' id='word_1_64' title='bbox 1005 1006 1131 1076; x_wconf 83' lang='lat' dir='ltr'><strong>liberae,</strong></span> <span class='ocrx_word' id='word_1_65' title='bbox 1171 1019 1333 1078; x_wconf 63' lang='lat' dir='ltr'><strong>contestat}</strong></span> 
     </span>
     <span class='ocr_line' id='line_1_10' title="bbox 218 1089 1333 1176; baseline 0.004 -25"><span class='ocrx_word' id='word_1_66' title='bbox 218 1109 280 1152; x_wconf 88' lang='lat' dir='ltr'><strong>nec</strong></span> <span class='ocrx_word' id='word_1_67' title='bbox 319 1090 514 1156; x_wconf 87' lang='lat' dir='ltr'><strong>substantiae</strong></span> <span class='ocrx_word' id='word_1_68' title='bbox 553 1095 710 1175; x_wconf 83' lang='lat' dir='ltr'><strong>peculiari</strong></span> <span class='ocrx_word' id='word_1_69' title='bbox 746 1095 931 1170; x_wconf 87' lang='lat' dir='ltr'><strong>immersae)</strong></span> <span class='ocrx_word' id='word_1_70' title='bbox 970 1094 1146 1176; x_wconf 76' lang='lat' dir='ltr'><strong>conspicis.</strong></span> <span class='ocrx_word' id='word_1_71' title='bbox 1201 1089 1333 1158; x_wconf 72' lang='lat' dir='ltr'><strong>Omniatl</strong></span> 
     </span>
     <span class='ocr_line' id='line_1_11' title="bbox 217 1175 1310 1261; baseline 0.004 -27"><span class='ocrx_word' id='word_1_72' title='bbox 217 1175 277 1234; x_wconf 87' lang='lat' dir='ltr'><strong>hac</strong></span> <span class='ocrx_word' id='word_1_73' title='bbox 307 1187 466 1235; x_wconf 72' lang='lat' dir='ltr'><strong>structura</strong></span> <span class='ocrx_word' id='word_1_74' title='bbox 498 1179 691 1240; x_wconf 84' lang='lat' dir='ltr'><strong>conveniunt</strong></span> <span class='ocrx_word' id='word_1_75' title='bbox 720 1179 892 1240; x_wconf 88' lang='lat' dir='ltr'><strong>Collemata</strong></span> <span class='ocrx_word' id='word_1_76' title='bbox 921 1196 991 1238; x_wconf 91' lang='lat' dir='ltr'><strong>cum</strong></span> <span class='ocrx_word' id='word_1_77' title='bbox 1020 1199 1140 1261; x_wconf 82' lang='lat' dir='ltr'><strong>genere</strong></span> <span class='ocrx_word' id='word_1_78' title='bbox 1166 1179 1310 1252; x_wconf 76' lang='lat' dir='ltr'><strong>Nostra,</strong></span> 
     </span>
     <span class='ocr_line' id='line_1_12' title="bbox 216 1259 1310 1344; baseline 0.003 -28"><span class='ocrx_word' id='word_1_79' title='bbox 216 1277 323 1340; x_wconf 88' lang='lat' dir='ltr'><strong>neque</strong></span> <span class='ocrx_word' id='word_1_80' title='bbox 354 1259 486 1330; x_wconf 79' lang='lat' dir='ltr'><strong>dubito,</strong></span> <span class='ocrx_word' id='word_1_81' title='bbox 527 1261 620 1342; x_wconf 89' lang='lat' dir='ltr'><strong>hujus</strong></span> <span class='ocrx_word' id='word_1_82' title='bbox 651 1263 776 1344; x_wconf 85' lang='lat' dir='ltr'><strong>species</strong></span> <span class='ocrx_word' id='word_1_83' title='bbox 805 1261 956 1343; x_wconf 86' lang='lat' dir='ltr'><strong>plurimas</strong></span> <span class='ocrx_word' id='word_1_84' title='bbox 983 1262 1030 1322; x_wconf 90' lang='lat' dir='ltr'><strong>nil</strong></span> <span class='ocrx_word' id='word_1_85' title='bbox 1057 1261 1128 1322; x_wconf 82' lang='lat' dir='ltr'><strong>ess&#39;e</strong></span> <span class='ocrx_word' id='word_1_86' title='bbox 1160 1263 1228 1324; x_wconf 84' lang='lat' dir='ltr'><strong>nisi</strong></span> <span class='ocrx_word' id='word_1_87' title='bbox 1248 1262 1310 1324; x_wconf 84' lang='lat' dir='ltr'><strong>Col·</strong></span> 
     </span>
     <span class='ocr_line' id='line_1_13' title="bbox 217 1342 1312 1429; baseline 0.004 -27"><span class='ocrx_word' id='word_1_88' title='bbox 217 1342 371 1420; x_wconf 83' lang='lat' dir='ltr'><strong>lemata</strong></span> <span class='ocrx_word' id='word_1_89' title='bbox 394 1344 519 1406; x_wconf 88' lang='lat' dir='ltr'><strong>sterilia</strong></span> <span class='ocrx_word' id='word_1_90' title='bbox 538 1345 724 1408; x_wconf 82' lang='lat' dir='ltr'><strong>humiditate</strong></span> <span class='ocrx_word' id='word_1_91' title='bbox 748 1347 844 1406; x_wconf 88' lang='lat' dir='ltr'><strong>nimia</strong></span> <span class='ocrx_word' id='word_1_92' title='bbox 865 1344 1043 1429; x_wconf 78' lang='lat' dir='ltr'><strong>turgentia,</strong></span> <span class='ocrx_word' id='word_1_93' title='bbox 1075 1345 1188 1406; x_wconf 86' lang='lat' dir='ltr'><strong>eadem</strong></span> <span class='ocrx_word' id='word_1_94' title='bbox 1219 1347 1312 1408; x_wconf 80' lang='lat' dir='ltr'><strong>satione</strong></span> 
     </span>
     <span class='ocr_line' id='line_1_14' title="bbox 220 1427 1312 1512; baseline 0.004 -27"><span class='ocrx_word' id='word_1_95' title='bbox 220 1447 283 1509; x_wconf 86' lang='lat' dir='ltr'><strong>qua</strong></span> <span class='ocrx_word' id='word_1_96' title='bbox 325 1427 359 1486; x_wconf 89' lang='lat' dir='ltr'><strong>in</strong></span> <span class='ocrx_word' id='word_1_97' title='bbox 401 1427 474 1487; x_wconf 89' lang='lat' dir='ltr'><strong>aliis</strong></span> <span class='ocrx_word' id='word_1_98' title='bbox 511 1429 694 1497; x_wconf 86' lang='lat' dir='ltr'><strong>lichenibus</strong></span> <span class='ocrx_word' id='word_1_99' title='bbox 734 1429 945 1511; x_wconf 75' lang='lat' dir='ltr'><strong>rigidioribus</strong></span> <span class='ocrx_word' id='word_1_100' title='bbox 985 1429 1160 1512; x_wconf 85' lang='lat' dir='ltr'><strong>epidermis</strong></span> <span class='ocrx_word' id='word_1_101' title='bbox 1210 1432 1312 1493; x_wconf 74' lang='lat' dir='ltr'><strong>disrum-</strong></span> 
     </span>
     <span class='ocr_line' id='line_1_15' title="bbox 216 1511 1313 1597; baseline 0.004 -29"><span class='ocrx_word' id='word_1_102' title='bbox 216 1511 306 1592; x_wconf 88' lang='lat' dir='ltr'><strong>pitur</strong></span> <span class='ocrx_word' id='word_1_103' title='bbox 323 1524 355 1571; x_wconf 92' lang='lat' dir='ltr'><strong>et</strong></span> <span class='ocrx_word' id='word_1_104' title='bbox 372 1511 546 1573; x_wconf 84' lang='lat' dir='ltr'><strong>substantia</strong></span> <span class='ocrx_word' id='word_1_105' title='bbox 563 1514 701 1576; x_wconf 90' lang='lat' dir='ltr'><strong>interior</strong></span> <span class='ocrx_word' id='word_1_106' title='bbox 716 1534 818 1597; x_wconf 91' lang='lat' dir='ltr'><strong>aeque</strong></span> <span class='ocrx_word' id='word_1_107' title='bbox 835 1513 998 1576; x_wconf 83' lang='lat' dir='ltr'><strong>luxurians</strong></span> <span class='ocrx_word' id='word_1_108' title='bbox 1015 1514 1224 1574; x_wconf 87' lang='lat' dir='ltr'><strong>soredicrum</strong></span> <span class='ocrx_word' id='word_1_109' title='bbox 1240 1513 1313 1576; x_wconf 83' lang='lat' dir='ltr'><strong>lorus</strong></span> 
     </span>
     <span class='ocr_line' id='line_1_16' title="bbox 187 1594 1310 1681; baseline 0.002 -28"><span class='ocrx_word' id='word_1_110' title='bbox 187 1594 418 1675; x_wconf 80' lang='lat' dir='ltr'><strong>·prorumpit‚</strong></span> <span class='ocrx_word' id='word_1_111' title='bbox 449 1608 536 1656; x_wconf 89' lang='lat' dir='ltr'><strong>totus</strong></span> <span class='ocrx_word' id='word_1_112' title='bbox 558 1597 698 1681; x_wconf 86' lang='lat' dir='ltr'><strong>denique</strong></span> <span class='ocrx_word' id='word_1_113' title='bbox 720 1598 844 1658; x_wconf 81' lang='lat' dir='ltr'><strong>Lichan</strong></span> <span class='ocrx_word' id='word_1_114' title='bbox 866 1597 899 1657; x_wconf 91' lang='lat' dir='ltr'><strong>in</strong></span> <span class='ocrx_word' id='word_1_115' title='bbox 931 1597 1170 1680; x_wconf 85' lang='lat' dir='ltr'><strong>Leprariam</strong></span> <span class='ocrx_word' id='word_1_116' title='bbox 1209 1598 1310 1674; x_wconf 80' lang='lat' dir='ltr'><strong>(Coria</strong></span> 
     </span>
     <span class='ocr_line' id='line_1_17' title="bbox 216 1681 1311 1766; baseline 0.005 -30"><span class='ocrx_word' id='word_1_117' title='bbox 216 1691 399 1757; x_wconf 87' lang='lat' dir='ltr'><strong>myoeten</strong></span> <span class='ocrx_word' id='word_1_118' title='bbox 422 1681 579 1758; x_wconf 86' lang='lat' dir='ltr'><strong>spurium)</strong></span> <span class='ocrx_word' id='word_1_119' title='bbox 601 1695 838 1745; x_wconf 85' lang='lat' dir='ltr'><strong>transmutatur.</strong></span> <span class='ocrx_word' id='word_1_120' title='bbox 882 1681 937 1744; x_wconf 79' lang='lat' dir='ltr'><strong>ste</strong></span> <span class='ocrx_word' id='word_1_121' title='bbox 954 1702 1083 1766; x_wconf 85' lang='lat' dir='ltr'><strong>quoque</strong></span> <span class='ocrx_word' id='word_1_122' title='bbox 1102 1681 1311 1761; x_wconf 80' lang='lat' dir='ltr'><strong>metamorpho-</strong></span> 
     </span>
     <span class='ocr_line' id='line_1_18' title="bbox 219 1759 1312 1843; baseline 0.002 -22"><span class='ocrx_word' id='word_1_123' title='bbox 219 1762 264 1822; x_wconf 93' lang='lat' dir='ltr'><strong>sis</strong></span> <span class='ocrx_word' id='word_1_124' title='bbox 278 1759 483 1843; x_wconf 83' lang='lat' dir='ltr'><strong>&#39;apluribus</strong></span> <span class='ocrx_word' id='word_1_125' title='bbox 504 1763 673 1842; x_wconf 77' lang='lat' dir='ltr'><strong>obserra&#39;ta</strong></span> <span class='ocrx_word' id='word_1_126' title='bbox 695 1765 890 1842; x_wconf 77' lang='lat' dir='ltr'><strong>Nostocis</strong></span> <span class='ocrx_word' id='word_1_127' title='bbox 913 1764 948 1827; x_wconf 90' lang='lat' dir='ltr'><strong>in</strong></span> <span class='ocrx_word' id='word_1_128' title='bbox 978 1764 1164 1832; x_wconf 89' lang='lat' dir='ltr'><strong>Collema</strong></span> <span class='ocrx_word' id='word_1_129' title='bbox 1187 1766 1312 1833; x_wconf 80' lang='lat' dir='ltr'><strong>facillime</strong></span> 
     </span>
     <span class='ocr_line' id='line_1_19' title="bbox 218 1843 939 1926; baseline 0.007 -21"><span class='ocrx_word' id='word_1_130' title='bbox 218 1843 409 1926; x_wconf 80' lang='lat' dir='ltr'><strong>explicatur.</strong></span> <span class='ocrx_word' id='word_1_131' title='bbox 794 1869 798 1878; x_wconf 72' lang='grc'><em>“</em></span> <span class='ocrx_word' id='word_1_132' title='bbox 937 1903 939 1910; x_wconf 15' lang='grc' dir='ltr'>χ</span> 
     </span>
     <span class='ocr_line' id='line_1_20' title="bbox 301 1928 1313 2014; baseline 0.005 -27"><span class='ocrx_word' id='word_1_133' title='bbox 301 1930 349 1988; x_wconf 82' lang='lat' dir='ltr'><strong>Ex</strong></span> <span class='ocrx_word' id='word_1_134' title='bbox 372 1928 423 1989; x_wconf 87' lang='lat' dir='ltr'><strong>his</strong></span> <span class='ocrx_word' id='word_1_135' title='bbox 452 1932 529 1992; x_wconf 89' lang='lat' dir='ltr'><strong>satis</strong></span> <span class='ocrx_word' id='word_1_136' title='bbox 557 1945 668 2014; x_wconf 87' lang='lat' dir='ltr'><strong>patent</strong></span> <span class='ocrx_word' id='word_1_137' title='bbox 686 1939 816 1996; x_wconf 78' lang='lat' dir='ltr'><strong>errores</strong></span> <span class='ocrx_word' id='word_1_138' title='bbox 837 1933 1013 1994; x_wconf 74' lang='lat' dir='ltr'><strong>ductorum</strong></span> <span class='ocrx_word' id='word_1_139' title='bbox 1042 1932 1313 2014; x_wconf 80' lang='lat' dir='ltr'><strong>recentiorumqni</strong></span> 
     </span>
     <span class='ocr_line' id='line_1_21' title="bbox 217 2009 1312 2100; baseline 0.002 -28"><span class='ocrx_word' id='word_1_140' title='bbox 217 2009 319 2094; x_wconf 76' lang='lat' dir='ltr'><strong>g&#39;enus</strong></span> <span class='ocrx_word' id='word_1_141' title='bbox 348 2013 487 2075; x_wconf 87' lang='lat' dir='ltr'><strong>Collcma</strong></span> <span class='ocrx_word' id='word_1_142' title='bbox 517 2017 736 2099; x_wconf 76' lang='lat' dir='ltr'><strong>repudiarunt.</strong></span> <span class='ocrx_word' id='word_1_143' title='bbox 782 2016 836 2078; x_wconf 82' lang='lat' dir='ltr'><strong>Sic</strong></span> <span class='ocrx_word' id='word_1_144' title='bbox 865 2016 941 2076; x_wconf 89' lang='lat' dir='ltr'><strong>alias</strong></span> <span class='ocrx_word' id='word_1_145' title='bbox 970 2017 1197 2100; x_wconf 78' lang='lat' dir='ltr'><strong>sagacissimus</strong></span> <span class='ocrx_word' id='word_1_146' title='bbox 1226 2017 1312 2078; x_wconf 71' lang='lat' dir='ltr'><strong>wat·</strong></span> 
     </span>
     <span class='ocr_line' id='line_1_22' title="bbox 216 2096 1314 2182; baseline 0.005 -28"><span class='ocrx_word' id='word_1_147' title='bbox 216 2096 457 2180; x_wconf 83' lang='lat' dir='ltr'><strong>lanbergius</strong></span> <span class='ocrx_word' id='word_1_148' title='bbox 479 2096 585 2178; x_wconf 85' lang='lat' dir='ltr'><strong>(Flor.</strong></span> <span class='ocrx_word' id='word_1_149' title='bbox 603 2104 694 2164; x_wconf 86' lang='lat' dir='ltr'><strong>Suec.</strong></span> <span class='ocrx_word' id='word_1_150' title='bbox 713 2123 747 2182; x_wconf 87' lang='grc' dir='ltr'><strong>ρ.</strong></span> <span class='ocrx_word' id='word_1_151' title='bbox 766 2098 855 2175; x_wconf 74' lang='grc'>840.)</span> <span class='ocrx_word' id='word_1_152' title='bbox 874 2101 914 2161; x_wconf 91' lang='lat' dir='ltr'><strong>ad</strong></span> <span class='ocrx_word' id='word_1_153' title='bbox 935 2101 1152 2164; x_wconf 84' lang='lat' dir='ltr'><strong>Licbenem</strong></span> <span class='ocrx_word' id='word_1_154' title='bbox 1172 2099 1314 2164; x_wconf 88' lang='lat' dir='ltr'><strong>trenel·</strong></span> 
     </span>
     <span class='ocr_line' id='line_1_23' title="bbox 216 2179 1314 2266; baseline 0.005 -28"><span class='ocrx_word' id='word_1_155' title='bbox 216 2179 379 2240; x_wconf 78' lang='lat' dir='ltr'><strong>loidem‘</strong></span> <span class='ocrx_word' id='word_1_156' title='bbox 403 2203 493 2243; x_wconf 90' lang='lat' dir='ltr'><strong>suum</strong></span> <span class='ocrx_word' id='word_1_157' title='bbox 518 2184 719 2246; x_wconf 83' lang='lat' dir='ltr'><strong>observans:</strong></span> <span class='ocrx_word' id='word_1_158' title='bbox 754 2185 983 2260; x_wconf 80' lang='lat' dir='ltr'><strong>„constituitur</strong></span> <span class='ocrx_word' id='word_1_159' title='bbox 1009 2186 1087 2247; x_wconf 88' lang='lat' dir='ltr'><strong>solis</strong></span> <span class='ocrx_word' id='word_1_160' title='bbox 1110 2185 1239 2253; x_wconf 87' lang='lat' dir='ltr'><strong>cellulis</strong></span> <span class='ocrx_word' id='word_1_161' title='bbox 1259 2201 1314 2266; x_wconf 83' lang='lat' dir='ltr'><strong>aqut</strong></span> 
     </span>
     <span class='ocr_line' id='line_1_24' title="bbox 218 2257 1314 2352; baseline 0.004 -30"><span class='ocrx_word' id='word_1_162' title='bbox 218 2263 407 2340; x_wconf 82' lang='lat' dir='ltr'><strong>„distcntis,</strong></span> <span class='ocrx_word' id='word_1_163' title='bbox 430 2267 547 2329; x_wconf 89' lang='lat' dir='ltr'><strong>nullam</strong></span> <span class='ocrx_word' id='word_1_164' title='bbox 569 2257 748 2352; x_wconf 82' lang='lat' dir='ltr'><strong>gelatinam&#39;</strong></span> <span class='ocrx_word' id='word_1_165' title='bbox 764 2268 863 2328; x_wconf 88' lang='lat' dir='ltr'><strong>multo</strong></span> <span class='ocrx_word' id='word_1_166' title='bbox 886 2268 990 2330; x_wconf 89' lang='lat' dir='ltr'><strong>mlnus</strong></span> <span class='ocrx_word' id='word_1_167' title='bbox 1012 2269 1122 2351; x_wconf 75' lang='lat' dir='ltr'><strong>gluten</strong></span> <span class='ocrx_word' id='word_1_168' title='bbox 1144 2266 1314 2330; x_wconf 71' lang='lat' dir='ltr'><strong>continenti·</strong></span> 
     </span>
     <span class='ocr_line' id='line_1_25' title="bbox 219 2347 1316 2434; baseline -0.002 -22"><span class='ocrx_word' id='word_1_169' title='bbox 219 2347 343 2422; x_wconf 85' lang='lat' dir='ltr'><strong>‚‚bus“‚</strong></span> <span class='ocrx_word' id='word_1_170' title='bbox 367 2350 482 2428; x_wconf 77' lang='lat' dir='ltr'><strong>exinde</strong></span> <span class='ocrx_word' id='word_1_171' title='bbox 498 2354 626 2434; x_wconf 84' lang='lat' dir='ltr'><strong>generis</strong></span> <span class='ocrx_word' id='word_1_172' title='bbox 649 2352 887 2424; x_wconf 85' lang='lat' dir='ltr'><strong>Collcmatis</strong></span> <span class='ocrx_word' id='word_1_173' title='bbox 906 2372 1024 2413; x_wconf 88' lang='lat' dir='ltr'><strong>nomen</strong></span> <span class='ocrx_word' id='word_1_174' title='bbox 1042 2353 1209 2432; x_wconf 80' lang='lat' dir='ltr'><strong>chymicae</strong></span> <span class='ocrx_word' id='word_1_175' title='bbox 1228 2351 1316 2416; x_wconf 77' lang='lat' dir='ltr'><strong>conad-</strong></span> 
     </span>
     <span class='ocr_line' id='line_1_26' title="bbox 217 2429 1316 2521; baseline 0.004 -31"><span class='ocrx_word' id='word_1_176' title='bbox 217 2430 337 2492; x_wconf 89' lang='lat' dir='ltr'><strong>tutioni</strong></span> <span class='ocrx_word' id='word_1_177' title='bbox 364 2437 560 2508; x_wconf 80' lang='lat' dir='ltr'><strong>contrarium</strong></span> <span class='ocrx_word' id='word_1_178' title='bbox 588 2437 726 2511; x_wconf 83' lang='lat' dir='ltr'><strong>babens,</strong></span> <span class='ocrx_word' id='word_1_179' title='bbox 765 2457 804 2497; x_wconf 91' lang='lat' dir='ltr'><strong>eo</strong></span> <span class='ocrx_word' id='word_1_180' title='bbox 832 2435 985 2517; x_wconf 82' lang='lat' dir='ltr'><strong>&#39;deceptus</strong></span> <span class='ocrx_word' id='word_1_181' title='bbox 1014 2429 1097 2512; x_wconf 52' lang='lat' dir='ltr'><strong>suit,x</strong></span> <span class='ocrx_word' id='word_1_182' title='bbox 1125 2437 1216 2521; x_wconf 89' lang='lat' dir='ltr'><strong>quod</strong></span> <span class='ocrx_word' id='word_1_183' title='bbox 1245 2447 1316 2498; x_wconf 84' lang='lat' dir='ltr'><strong>strata</strong></span> 
     </span>
     <span class='ocr_line' id='line_1_27' title="bbox 217 2513 1318 2601; baseline 0.003 -27"><span class='ocrx_word' id='word_1_184' title='bbox 217 2513 294 2575; x_wconf 90' lang='lat' dir='ltr'><strong>bina</strong></span> <span class='ocrx_word' id='word_1_185' title='bbox 309 2516 474 2580; x_wconf 87' lang='lat' dir='ltr'><strong>corticalia</strong></span> <span class='ocrx_word' id='word_1_186' title='bbox 490 2521 523 2580; x_wconf 93' lang='lat' dir='ltr'><strong>iu</strong></span> <span class='ocrx_word' id='word_1_187' title='bbox 541 2520 591 2580; x_wconf 89' lang='lat' dir='ltr'><strong>bis</strong></span> <span class='ocrx_word' id='word_1_188' title='bbox 607 2520 805 2582; x_wconf 85' lang='lat' dir='ltr'><strong>Mallotiis</strong></span> <span class='ocrx_word' id='word_1_189' title='bbox 821 2517 1173 2601; x_wconf 73' lang='lat' dir='ltr'><strong>hexagono-cellulum,</strong></span> <span class='ocrx_word' id='word_1_190' title='bbox 1190 2521 1318 2584; x_wconf 75' lang='lat' dir='ltr'><strong>facillime</strong></span> 
     </span>
     <span class='ocr_line' id='line_1_28' title="bbox 217 2599 1316 2688; baseline 0.002 -29"><span class='ocrx_word' id='word_1_191' title='bbox 217 2601 423 2663; x_wconf 77' lang='lat' dir='ltr'><strong>accendentia</strong></span> <span class='ocrx_word' id='word_1_192' title='bbox 446 2603 519 2680; x_wconf 83' lang='lat' dir='ltr'><strong>(cfr.</strong></span> <span class='ocrx_word' id='word_1_193' title='bbox 539 2599 730 2688; x_wconf 80' lang='lat' dir='ltr'><strong>Hoffmann,</strong></span> <span class='ocrx_word' id='word_1_194' title='bbox 754 2603 857 2664; x_wconf 90' lang='lat' dir='ltr'><strong>Plant.</strong></span> <span class='ocrx_word' id='word_1_195' title='bbox 873 2602 963 2663; x_wconf 91' lang='lat' dir='ltr'><strong>Lich.</strong></span> <span class='ocrx_word' id='word_1_196' title='bbox 988 2605 1060 2670; x_wconf 87' lang='lat' dir='ltr'><strong>Vol.</strong></span> <span class='ocrx_word' id='word_1_197' title='bbox 1076 2601 1124 2666; x_wconf 86' lang='lat' dir='ltr'><strong>H.</strong></span> <span class='ocrx_word' id='word_1_198' title='bbox 1144 2627 1178 2688; x_wconf 87' lang='lat' dir='ltr'><strong>p.</strong></span> <span class='ocrx_word' id='word_1_199' title='bbox 1195 2609 1258 2682; x_wconf 63' lang='grc' dir='ltr'>ιιι.)</span> <span class='ocrx_word' id='word_1_200' title='bbox 1276 2619 1316 2686; x_wconf 86' lang='lat' dir='ltr'><strong>prt</strong></span> 
     </span>
     <span class='ocr_line' id='line_1_29' title="bbox 217 2683 1316 2775; baseline 0.005 -33"><span class='ocrx_word' id='word_1_201' title='bbox 217 2683 342 2765; x_wconf 81' lang='lat' dir='ltr'><strong>integra</strong></span> <span class='ocrx_word' id='word_1_202' title='bbox 365 2685 470 2768; x_wconf 88' lang='lat' dir='ltr'><strong>planta</strong></span> <span class='ocrx_word' id='word_1_203' title='bbox 487 2687 597 2750; x_wconf 90' lang='lat' dir='ltr'><strong>habuit</strong></span> <span class='ocrx_word' id='word_1_204' title='bbox 622 2703 817 2772; x_wconf 88' lang='lat' dir='ltr'><strong>stratumque</strong></span> <span class='ocrx_word' id='word_1_205' title='bbox 841 2687 1038 2766; x_wconf 75' lang='lat' dir='ltr'><strong>medullam,¹</strong></span> <span class='ocrx_word' id='word_1_206' title='bbox 1057 2687 1111 2768; x_wconf 85' lang='lat' dir='ltr'><strong>bic</strong></span> <span class='ocrx_word' id='word_1_207' title='bbox 1135 2691 1266 2775; x_wconf 89' lang='lat' dir='ltr'><strong>quidem</strong></span> <span class='ocrx_word' id='word_1_208' title='bbox 1285 2701 1316 2748; x_wconf 84' lang='lat' dir='ltr'><strong>ts-</strong></span> 
     </span>
     <span class='ocr_line' id='line_1_30' title="bbox 174 2768 1158 2853; baseline 0.007 -27"><span class='ocrx_word' id='word_1_209' title='bbox 174 2786 176 2790; x_wconf 79' lang='grc'><strong>’</strong></span> <span class='ocrx_word' id='word_1_210' title='bbox 215 2768 423 2844; x_wconf 71' lang='lat' dir='ltr'><strong>minimum,</strong></span> <span class='ocrx_word' id='word_1_211' title='bbox 446 2793 611 2850; x_wconf 85' lang='lat' dir='ltr'><strong>nonvero</strong></span> <span class='ocrx_word' id='word_1_212' title='bbox 634 2771 787 2834; x_wconf 85' lang='lat' dir='ltr'><strong>deficiens</strong></span> <span class='ocrx_word' id='word_1_213' title='bbox 809 2771 1030 2853; x_wconf 85' lang='lat' dir='ltr'><strong>praetervidit.</strong></span> <span class='ocrx_word' id='word_1_214' title='bbox 1155 2785 1158 2790; x_wconf 87' lang='lat'>&#39;</span> 
     </span>
    </p>

    <p class='ocr_par' dir='ltr' id='par_1_3' title="bbox 182 2855 1335 4358">
     <span class='ocr_line' id='line_1_31' title="bbox 298 2855 1316 2940; baseline -0.004 -24"><span class='ocrx_word' id='word_1_215' title='bbox 298 2855 409 2938; x_wconf 86' lang='lat' dir='ltr'><strong>Neque</strong></span> <span class='ocrx_word' id='word_1_216' title='bbox 431 2875 531 2936; x_wconf 78' lang='lat' dir='ltr'><strong>genus</strong></span> <span class='ocrx_word' id='word_1_217' title='bbox 553 2857 586 2917; x_wconf 92' lang='lat' dir='ltr'><strong>in</strong></span> <span class='ocrx_word' id='word_1_218' title='bbox 609 2857 699 2940; x_wconf 90' lang='lat' dir='ltr'><strong>plura</strong></span> <span class='ocrx_word' id='word_1_219' title='bbox 716 2856 863 2919; x_wconf 82' lang='lat' dir='ltr'><strong>dividere</strong></span> <span class='ocrx_word' id='word_1_220' title='bbox 879 2857 1057 2934; x_wconf 86' lang='lat' dir='ltr'><strong>consultum</strong></span> <span class='ocrx_word' id='word_1_221' title='bbox 1074 2857 1220 2918; x_wconf 80' lang='lat' dir='ltr'><strong>ridetur.</strong></span> <span class='ocrx_word' id='word_1_222' title='bbox 1261 2856 1316 2917; x_wconf 77' lang='lat' dir='ltr'><strong>San·</strong></span> 
     </span>
     <span class='ocr_line' id='line_1_32' title="bbox 215 2935 1316 3019; baseline 0.001 -24"><span class='ocrx_word' id='word_1_223' title='bbox 215 2935 335 2998; x_wconf 87' lang='lat' dir='ltr'><strong>tentiae</strong></span> <span class='ocrx_word' id='word_1_224' title='bbox 364 2939 611 3001; x_wconf 84' lang='lat' dir='ltr'><strong>Wallrothii</strong></span> <span class='ocrx_word' id='word_1_225' title='bbox 641 2940 745 3002; x_wconf 89' lang='lat' dir='ltr'><strong>nostri</strong></span> <span class='ocrx_word' id='word_1_226' title='bbox 773 2941 929 3002; x_wconf 87' lang='lat' dir='ltr'><strong>accedere</strong></span> <span class='ocrx_word' id='word_1_227' title='bbox 958 2960 1024 3001; x_wconf 89' lang='lat' dir='ltr'><strong>non</strong></span> <span class='ocrx_word' id='word_1_228' title='bbox 1081 2961 1249 3014; x_wconf 85' lang='lat' dir='ltr'><strong>ossamns,</strong></span> <span class='ocrx_word' id='word_1_229' title='bbox 1282 2937 1316 3019; x_wconf 86' lang='lat' dir='ltr'><strong>qai</strong></span> 
     </span>
     <span class='ocr_line' id='line_1_33' title="bbox 215 2961 1335 3098; baseline 0.003 -21"><span class='ocrx_word' id='word_1_230' title='bbox 215 3019 343 3098; x_wconf 82' lang='lat' dir='ltr'><strong>species</strong></span> <span class='ocrx_word' id='word_1_231' title='bbox 370 3031 471 3083; x_wconf 90' lang='lat' dir='ltr'><strong>strato</strong></span> <span class='ocrx_word' id='word_1_232' title='bbox 495 3023 641 3084; x_wconf 88' lang='lat' dir='ltr'><strong>cortieali</strong></span> <span class='ocrx_word' id='word_1_233' title='bbox 663 3023 818 3086; x_wconf 89' lang='lat' dir='ltr'><strong>celluloso</strong></span> <span class='ocrx_word' id='word_1_234' title='bbox 841 3024 1010 3086; x_wconf 88' lang='lat' dir='ltr'><strong>distinctas</strong></span> <span class='ocrx_word' id='word_1_235' title='bbox 1033 2961 1078 3086; x_wconf 77' lang='lat' dir='ltr'><strong>adp</strong></span> <span class='ocrx_word' id='word_1_236' title='bbox 1095 3023 1335 3088; x_wconf 87' lang='lat' dir='ltr'><strong>Parmelisu</strong></span> 
     </span>
     <span class='ocr_line' id='line_1_34' title="bbox 213 3102 1312 3190; baseline 0.006 -27"><span class='ocrx_word' id='word_1_237' title='bbox 213 3102 339 3177; x_wconf 81' lang='lat' dir='ltr'><strong>reducit</strong></span> <span class='ocrx_word' id='word_1_238' title='bbox 359 3103 411 3166; x_wconf 87' lang='lat' dir='ltr'><strong>vel</strong></span> <span class='ocrx_word' id='word_1_239' title='bbox 430 3103 463 3164; x_wconf 91' lang='lat' dir='ltr'><strong>in</strong></span> <span class='ocrx_word' id='word_1_240' title='bbox 487 3110 655 3188; x_wconf 88' lang='lat' dir='ltr'><strong>proprium</strong></span> <span class='ocrx_word' id='word_1_241' title='bbox 678 3129 779 3190; x_wconf 77' lang='lat' dir='ltr'><strong>genus</strong></span> <span class='ocrx_word' id='word_1_242' title='bbox 810 3109 1119 3186; x_wconf 85' lang='lat' dir='ltr'><strong>(Lemniscium</strong></span> <span class='ocrx_word' id='word_1_243' title='bbox 1142 3106 1165 3168; x_wconf 89' lang='lat' dir='ltr'><strong>l.</strong></span> <span class='ocrx_word' id='word_1_244' title='bbox 1189 3129 1221 3171; x_wconf 90' lang='lat' dir='ltr'><strong>c.</strong></span> <span class='ocrx_word' id='word_1_245' title='bbox 1245 3106 1268 3170; x_wconf 85' lang='lat' dir='ltr'><strong>I.</strong></span> <span class='ocrx_word' id='word_1_246' title='bbox 1288 3125 1312 3184; x_wconf 76' lang='lat' dir='ltr'><strong>p·</strong></span> 
     </span>
     <span class='ocr_line' id='line_1_35' title="bbox 215 3181 1311 3276; baseline 0.003 -32"><span class='ocrx_word' id='word_1_247' title='bbox 215 3184 286 3258; x_wconf 69' lang='lat' dir='ltr'><strong>aab.</strong></span> <span class='ocrx_word' id='word_1_248' title='bbox 301 3181 351 3247; x_wconf 80' lang='lat'><strong>11.</strong></span> <span class='ocrx_word' id='word_1_249' title='bbox 367 3207 402 3266; x_wconf 87' lang='grc' dir='ltr'><strong>ρ.</strong></span> <span class='ocrx_word' id='word_1_250' title='bbox 416 3191 502 3267; x_wconf 75' lang='lat'><strong>215.)</strong></span> <span class='ocrx_word' id='word_1_251' title='bbox 523 3192 653 3272; x_wconf 80' lang='lat' dir='ltr'><strong>redigit,</strong></span> <span class='ocrx_word' id='word_1_252' title='bbox 676 3205 882 3276; x_wconf 87' lang='lat' dir='ltr'><strong>caeterasque</strong></span> <span class='ocrx_word' id='word_1_253' title='bbox 901 3193 1030 3252; x_wconf 90' lang='lat' dir='ltr'><strong>nomine</strong></span> <span class='ocrx_word' id='word_1_254' title='bbox 1047 3192 1255 3255; x_wconf 85' lang='lat' dir='ltr'><strong>lichenum</strong></span> <span class='ocrx_word' id='word_1_255' title='bbox 1267 3190 1311 3249; x_wconf 88' lang='lat' dir='ltr'><strong>lo·</strong></span> 
     </span>
     <span class='ocr_line' id='line_1_36' title="bbox 214 3273 1318 3351; baseline 0.007 -24"><span class='ocrx_word' id='word_1_256' title='bbox 214 3288 488 3332; x_wconf 80' lang='lat' dir='ltr'><strong>macomerum</strong></span> <span class='ocrx_word' id='word_1_257' title='bbox 511 3290 674 3351; x_wconf 84' lang='lat' dir='ltr'><strong>removet3</strong></span> <span class='ocrx_word' id='word_1_258' title='bbox 713 3275 823 3337; x_wconf 90' lang='lat' dir='ltr'><strong>eadem</strong></span> <span class='ocrx_word' id='word_1_259' title='bbox 856 3276 939 3336; x_wconf 88' lang='lat' dir='ltr'><strong>enim</strong></span> <span class='ocrx_word' id='word_1_260' title='bbox 967 3273 1151 3337; x_wconf 83' lang='lat' dir='ltr'><strong>differentia</strong></span> <span class='ocrx_word' id='word_1_261' title='bbox 1176 3297 1194 3337; x_wconf 88' lang='lat' dir='ltr'><strong>e</strong></span> <span class='ocrx_word' id='word_1_262' title='bbox 1219 3273 1318 3340; x_wconf 83' lang='lat' dir='ltr'><strong>cellulis</strong></span> 
     </span>
     <span class='ocr_line' id='line_1_37' title="bbox 215 3354 1320 3441; baseline 0.007 -31"><span class='ocrx_word' id='word_1_263' title='bbox 215 3354 306 3412; x_wconf 86' lang='lat' dir='ltr'><strong>strati</strong></span> <span class='ocrx_word' id='word_1_264' title='bbox 337 3355 497 3416; x_wconf 86' lang='lat' dir='ltr'><strong>corticalis</strong></span> <span class='ocrx_word' id='word_1_265' title='bbox 529 3361 630 3441; x_wconf 82' lang='lat' dir='ltr'><strong>magis</strong></span> <span class='ocrx_word' id='word_1_266' title='bbox 654 3360 799 3420; x_wconf 86' lang='lat' dir='ltr'><strong>minusve</strong></span> <span class='ocrx_word' id='word_1_267' title='bbox 822 3359 1006 3441; x_wconf 78' lang='lat' dir='ltr'><strong>conspicuis</strong></span> <span class='ocrx_word' id='word_1_268' title='bbox 1030 3360 1090 3422; x_wconf 80' lang='lat' dir='ltr'><strong>vcl&#39;</strong></span> <span class='ocrx_word' id='word_1_269' title='bbox 1109 3359 1244 3421; x_wconf 89' lang='lat' dir='ltr'><strong>omnino</strong></span> <span class='ocrx_word' id='word_1_270' title='bbox 1264 3355 1320 3418; x_wconf 82' lang='lat' dir='ltr'><strong>deb·</strong></span> 
     </span>
     <span class='ocr_line' id='line_1_38' title="bbox 182 3435 1323 3527; baseline 0.006 -34"><span class='ocrx_word' id='word_1_271' title='bbox 182 3469 189 3480; x_wconf 76' lang='lat'>=</span> <span class='ocrx_word' id='word_1_272' title='bbox 215 3435 377 3497; x_wconf 81' lang='lat' dir='ltr'><strong>cientibus</strong></span> <span class='ocrx_word' id='word_1_273' title='bbox 405 3439 437 3498; x_wconf 92' lang='lat' dir='ltr'><strong>in</strong></span> <span class='ocrx_word' id='word_1_274' title='bbox 468 3441 540 3502; x_wconf 89' lang='lat' dir='ltr'><strong>aliis</strong></span> <span class='ocrx_word' id='word_1_275' title='bbox 574 3461 702 3527; x_wconf 86' lang='lat' dir='ltr'><strong>qnoque</strong></span> <span class='ocrx_word' id='word_1_276' title='bbox 734 3444 897 3507; x_wconf 83' lang='lat' dir='ltr'><strong>lichenum</strong></span> <span class='ocrx_word' id='word_1_277' title='bbox 926 3443 1139 3505; x_wconf 87' lang='lat' dir='ltr'><strong>foliaceorum</strong></span> <span class='ocrx_word' id='word_1_278' title='bbox 1168 3442 1323 3526; x_wconf 75' lang='lat' dir='ltr'><strong>generibus</strong></span> 
     </span>
     <span class='ocr_line' id='line_1_39' title="bbox 214 3521 1335 3610; baseline 0.005 -30"><span class='ocrx_word' id='word_1_279' title='bbox 214 3521 377 3594; x_wconf 85' lang='lat' dir='ltr'><strong>occurrit,</strong></span> <span class='ocrx_word' id='word_1_280' title='bbox 401 3522 583 3600; x_wconf 63' lang='lat' dir='ltr'><strong>(cimicem.</strong></span> <span class='ocrx_word' id='word_1_281' title='bbox 604 3525 660 3586; x_wconf 86' lang='lat' dir='ltr'><strong>sel.</strong></span> <span class='ocrx_word' id='word_1_282' title='bbox 685 3537 791 3608; x_wconf 61' lang='lat' dir='ltr'><strong>crypt.</strong></span> <span class='ocrx_word' id='word_1_283' title='bbox 814 3526 877 3588; x_wconf 88' lang='lat' dir='ltr'><strong>tab.</strong></span> <span class='ocrx_word' id='word_1_284' title='bbox 902 3529 1040 3606; x_wconf 73' lang='lat' dir='ltr'><strong>variae),</strong></span> <span class='ocrx_word' id='word_1_285' title='bbox 1070 3527 1197 3610; x_wconf 88' lang='lat' dir='ltr'><strong>species</strong></span> <span class='ocrx_word' id='word_1_286' title='bbox 1227 3547 1265 3589; x_wconf 86' lang='lat' dir='ltr'><strong>ue</strong></span> <span class='ocrx_word' id='word_1_287' title='bbox 1292 3525 1335 3600; x_wconf 77' lang='lat' dir='ltr'><strong>sit</strong></span> 
     </span>
     <span class='ocr_line' id='line_1_40' title="bbox 212 3601 1335 3693; baseline 0.004 -30"><span class='ocrx_word' id='word_1_288' title='bbox 212 3601 318 3664; x_wconf 88' lang='lat' dir='ltr'><strong>dictae</strong></span> <span class='ocrx_word' id='word_1_289' title='bbox 347 3602 596 3670; x_wconf 85' lang='lat' dir='ltr'><strong>homoeomeres</strong></span> <span class='ocrx_word' id='word_1_290' title='bbox 627 3609 805 3693; x_wconf 80' lang='lat' dir='ltr'><strong>(aequeac</strong></span> <span class='ocrx_word' id='word_1_291' title='bbox 832 3613 1012 3690; x_wconf 86' lang='lat' dir='ltr'><strong>Nostoc)</strong></span> <span class='ocrx_word' id='word_1_292' title='bbox 1042 3611 1206 3693; x_wconf 85' lang='lat' dir='ltr'><strong>epidermi</strong></span> <span class='ocrx_word' id='word_1_293' title='bbox 1235 3617 1335 3673; x_wconf 75' lang='lat' dir='ltr'><strong>enos*</strong></span> 
     </span>
     <span class='ocr_line' id='line_1_41' title="bbox 214 3691 1324 3774; baseline 0.005 -29"><span class='ocrx_word' id='word_1_294' title='bbox 214 3700 326 3748; x_wconf 86' lang='lat' dir='ltr'><strong>carcnt</strong></span> <span class='ocrx_word' id='word_1_295' title='bbox 345 3691 434 3750; x_wconf 87' lang='lat' dir='ltr'><strong>tenui</strong></span> <span class='ocrx_word' id='word_1_296' title='bbox 455 3693 604 3774; x_wconf 85' lang='lat' dir='ltr'><strong>quidem,</strong></span> <span class='ocrx_word' id='word_1_297' title='bbox 636 3696 693 3755; x_wconf 91' lang='lat' dir='ltr'><strong>sed</strong></span> <span class='ocrx_word' id='word_1_298' title='bbox 717 3716 734 3754; x_wconf 94' lang='lat' dir='ltr'><strong>a</strong></span> <span class='ocrx_word' id='word_1_299' title='bbox 756 3707 855 3754; x_wconf 86' lang='lat' dir='ltr'><strong>strato</strong></span> <span class='ocrx_word' id='word_1_300' title='bbox 878 3695 1037 3756; x_wconf 90' lang='lat' dir='ltr'><strong>lichenum</strong></span> <span class='ocrx_word' id='word_1_301' title='bbox 1060 3695 1212 3757; x_wconf 89' lang='lat' dir='ltr'><strong>corticali</strong></span> <span class='ocrx_word' id='word_1_302' title='bbox 1238 3715 1324 3756; x_wconf 81' lang='lat' dir='ltr'><strong>esser·</strong></span> 
     </span>
     <span class='ocr_line' id='line_1_42' title="bbox 212 3769 1323 3862; baseline 0.007 -34"><span class='ocrx_word' id='word_1_303' title='bbox 212 3769 334 3831; x_wconf 85' lang='lat' dir='ltr'><strong>tialiter</strong></span> <span class='ocrx_word' id='word_1_304' title='bbox 355 3791 420 3832; x_wconf 89' lang='lat' dir='ltr'><strong>non</strong></span> <span class='ocrx_word' id='word_1_305' title='bbox 440 3774 584 3849; x_wconf 81' lang='lat' dir='ltr'><strong>diversa,</strong></span> <span class='ocrx_word' id='word_1_306' title='bbox 609 3797 713 3860; x_wconf 89' lang='lat' dir='ltr'><strong>coque</strong></span> <span class='ocrx_word' id='word_1_307' title='bbox 736 3779 830 3838; x_wconf 86' lang='lat' dir='ltr'><strong>etiam</strong></span> <span class='ocrx_word' id='word_1_308' title='bbox 853 3777 965 3841; x_wconf 84' lang='lat' dir='ltr'><strong>colore</strong></span> <span class='ocrx_word' id='word_1_309' title='bbox 986 3777 1083 3842; x_wconf 86' lang='lat' dir='ltr'><strong>viridi</strong></span> <span class='ocrx_word' id='word_1_310' title='bbox 1107 3778 1180 3862; x_wconf 89' lang='lat' dir='ltr'><strong>(qui</strong></span> <span class='ocrx_word' id='word_1_311' title='bbox 1203 3771 1323 3842; x_wconf 80' lang='lat' dir='ltr'><strong>verosi</strong></span> 
     </span>
     <span class='ocr_line' id='line_1_43' title="bbox 213 3853 1335 3945; baseline 0.006 -32"><span class='ocrx_word' id='word_1_312' title='bbox 213 3853 419 3935; x_wconf 87' lang='lat' dir='ltr'><strong>superficiem</strong></span> <span class='ocrx_word' id='word_1_313' title='bbox 435 3879 499 3918; x_wconf 90' lang='lat' dir='ltr'><strong>non</strong></span> <span class='ocrx_word' id='word_1_314' title='bbox 522 3861 675 3942; x_wconf 83' lang='lat' dir='ltr'><strong>expallet)</strong></span> <span class='ocrx_word' id='word_1_315' title='bbox 692 3861 915 3923; x_wconf 84' lang='lat' dir='ltr'><strong>conveniente.</strong></span> <span class='ocrx_word' id='word_1_316' title='bbox 926 3889 980 3913; x_wconf 90' lang='lat'><strong>·-</strong></span> <span class='ocrx_word' id='word_1_317' title='bbox 1008 3863 1136 3924; x_wconf 84' lang='lat' dir='ltr'><strong>Divisio</strong></span> <span class='ocrx_word' id='word_1_318' title='bbox 1155 3867 1289 3945; x_wconf 75' lang='lat' dir='ltr'><strong>generis</strong></span> <span class='ocrx_word' id='word_1_319' title='bbox 1305 3863 1335 3920; x_wconf 68' lang='lat' dir='ltr'><strong>isi</strong></span> 
     </span>
     <span class='ocr_line' id='line_1_44' title="bbox 212 3937 1335 4028; baseline 0.005 -32"><span class='ocrx_word' id='word_1_320' title='bbox 212 3937 286 3998; x_wconf 91' lang='lat' dir='ltr'><strong>bina</strong></span> <span class='ocrx_word' id='word_1_321' title='bbox 317 3940 414 4001; x_wconf 88' lang='lat' dir='ltr'><strong>citata</strong></span> <span class='ocrx_word' id='word_1_322' title='bbox 436 3943 593 4004; x_wconf 79' lang='lat' dir='ltr'><strong>Friesii</strong></span> <span class='ocrx_word' id='word_1_323' title='bbox 616 3945 790 4007; x_wconf 89' lang='lat' dir='ltr'><strong>secundum</strong></span> <span class='ocrx_word' id='word_1_324' title='bbox 819 3947 996 4028; x_wconf 83' lang='lat' dir='ltr'><strong>marginem</strong></span> <span class='ocrx_word' id='word_1_325' title='bbox 1024 3947 1236 4008; x_wconf 85' lang='lat' dir='ltr'><strong>scutellarum</strong></span> <span class='ocrx_word' id='word_1_326' title='bbox 1271 3945 1335 4028; x_wconf 70' lang='lat' dir='ltr'><strong>prs-i</strong></span> 
     </span>
     <span class='ocr_line' id='line_1_45' title="bbox 212 4023 1327 4113; baseline 0.005 -33"><span class='ocrx_word' id='word_1_327' title='bbox 212 4023 317 4100; x_wconf 88' lang='lat' dir='ltr'><strong>prium</strong></span> <span class='ocrx_word' id='word_1_328' title='bbox 345 4023 397 4086; x_wconf 83' lang='lat' dir='ltr'><strong>rel</strong></span> <span class='ocrx_word' id='word_1_329' title='bbox 432 4039 552 4090; x_wconf 90' lang='lat' dir='ltr'><strong>tantum</strong></span> <span class='ocrx_word' id='word_1_330' title='bbox 582 4029 754 4092; x_wconf 88' lang='lat' dir='ltr'><strong>thallodem</strong></span> <span class='ocrx_word' id='word_1_331' title='bbox 783 4031 962 4092; x_wconf 88' lang='lat' dir='ltr'><strong>essentialis</strong></span> <span class='ocrx_word' id='word_1_332' title='bbox 993 4030 1142 4113; x_wconf 81' lang='lat' dir='ltr'><strong>quidem,</strong></span> <span class='ocrx_word' id='word_1_333' title='bbox 1179 4031 1247 4092; x_wconf 83' lang='lat' dir='ltr'><strong>sed</strong></span> <span class='ocrx_word' id='word_1_334' title='bbox 1275 4047 1327 4090; x_wconf 83' lang='lat' dir='ltr'><strong>esa</strong></span> 
     </span>
     <span class='ocr_line' id='line_1_46' title="bbox 212 4108 1326 4198; baseline 0.005 -34"><span class='ocrx_word' id='word_1_335' title='bbox 212 4108 392 4187; x_wconf 86' lang='lat' dir='ltr'><strong>excipulum</strong></span> <span class='ocrx_word' id='word_1_336' title='bbox 419 4110 454 4169; x_wconf 87' lang='lat' dir='ltr'><strong>in</strong></span> <span class='ocrx_word' id='word_1_337' title='bbox 479 4111 650 4191; x_wconf 87' lang='lat' dir='ltr'><strong>speciebus</strong></span> <span class='ocrx_word' id='word_1_338' title='bbox 671 4112 820 4174; x_wconf 79' lang='lat' dir='ltr'><strong>foliaccis</strong></span> <span class='ocrx_word' id='word_1_339' title='bbox 841 4133 1003 4198; x_wconf 83' lang='lat' dir='ltr'><strong>nunquam</strong></span> <span class='ocrx_word' id='word_1_340' title='bbox 1025 4116 1118 4195; x_wconf 88' lang='lat' dir='ltr'><strong>plane</strong></span> <span class='ocrx_word' id='word_1_341' title='bbox 1140 4113 1227 4174; x_wconf 88' lang='lat' dir='ltr'><strong>desit</strong></span> <span class='ocrx_word' id='word_1_342' title='bbox 1249 4113 1326 4174; x_wconf 85' lang='lat' dir='ltr'><strong>ntis</strong></span> 
     </span>
     <span class='ocr_line' id='line_1_47' title="bbox 211 4190 1329 4282; baseline 0.008 -33"><span class='ocrx_word' id='word_1_343' title='bbox 211 4190 431 4274; x_wconf 66' lang='grc' dir='ltr'><strong>Ιιεοίιὶεἰι,ι</strong></span> <span class='ocrx_word' id='word_1_344' title='bbox 460 4215 521 4258; x_wconf 90' lang='lat' dir='ltr'><strong>nec</strong></span> <span class='ocrx_word' id='word_1_345' title='bbox 547 4217 612 4258; x_wconf 91' lang='lat' dir='ltr'><strong>non</strong></span> <span class='ocrx_word' id='word_1_346' title='bbox 634 4196 759 4277; x_wconf 87' lang='lat' dir='ltr'><strong>saepius</strong></span> <span class='ocrx_word' id='word_1_347' title='bbox 789 4215 899 4278; x_wconf 82' lang='lat' dir='ltr'><strong>margo</strong></span> <span class='ocrx_word' id='word_1_348' title='bbox 929 4211 1065 4282; x_wconf 87' lang='lat' dir='ltr'><strong>uterque</strong></span> <span class='ocrx_word' id='word_1_349' title='bbox 1093 4198 1174 4260; x_wconf 87' lang='lat' dir='ltr'><strong>adsit</strong></span> <span class='ocrx_word' id='word_1_350' title='bbox 1205 4198 1246 4258; x_wconf 90' lang='lat' dir='ltr'><strong>iu</strong></span> <span class='ocrx_word' id='word_1_351' title='bbox 1272 4195 1329 4257; x_wconf 85' lang='lat' dir='ltr'><strong>sub·</strong></span> 
     </span>
     <span class='ocr_line' id='line_1_48' title="bbox 211 4275 1330 4358; baseline 0.008 -26"><span class='ocrx_word' id='word_1_352' title='bbox 211 4276 358 4353; x_wconf 64' lang='lat' dir='ltr'><strong>stantiam</strong></span> <span class='ocrx_word' id='word_1_353' title='bbox 385 4278 560 4354; x_wconf 80' lang='lat' dir='ltr'><strong>similarent</strong></span> <span class='ocrx_word' id='word_1_354' title='bbox 587 4277 770 4356; x_wconf 85' lang='lat' dir='ltr'><strong>confluens,</strong></span> <span class='ocrx_word' id='word_1_355' title='bbox 793 4280 828 4358; x_wconf 82' lang='lat' dir='ltr'><strong>hi</strong></span> <span class='ocrx_word' id='word_1_356' title='bbox 854 4282 975 4344; x_wconf 86' lang='lat' dir='ltr'><strong>limites</strong></span> <span class='ocrx_word' id='word_1_357' title='bbox 1002 4303 1069 4346; x_wconf 91' lang='lat' dir='ltr'><strong>non</strong></span> <span class='ocrx_word' id='word_1_358' title='bbox 1091 4283 1165 4344; x_wconf 87' lang='lat' dir='ltr'><strong>satis</strong></span> <span class='ocrx_word' id='word_1_359' title='bbox 1190 4275 1330 4342; x_wconf 76' lang='lat' dir='ltr'><strong>distincti</strong></span> 
     </span>
    </p>
   </div>
   <div class='ocr_carea' id='block_1_3' title="bbox 0 0 1348 4898">
    <p class='ocr_par' dir='ltr' id='par_1_4' title="bbox 0 0 1348 4898">
     <span class='ocr_line' id='line_1_49' title="bbox 0 0 1348 4898; baseline 0 1"><span class='ocrx_word' id='word_1_360' title='bbox 0 0 1348 4898; x_wconf 95' lang='lat' dir='ltr'><strong> </strong></span> 
     </span>
    </p>
   </div>
  </div>
 </body>
</html>
