2688 4898
220 261 285 328 200
578 250 762 313 Lacaenas.
793 211 975 312 Parianus.

225 437 261 498 in
279 431 395 518 pagina
416 428 585 515 superiore
615 429 720 514 (quae
748 431 789 494 sd
816 431 952 511 primum
981 442 1145 512 aspectum
1165 427 1253 492 laeila
1269 451 1309 512 pra

225 517 383 582 inferiore
398 513 549 597 habetur)
572 527 744 590 convexus,
760 515 876 597 pallide
890 515 1110 598 glauceseens,
1128 509 1248 575 librillia
1262 534 1308 575 ere·

224 601 377 664 berrimis
412 597 638 661 concoloribus
676 597 894 682 pililormibus
922 597 1040 680 rigidis
1067 597 1174 682 longis
1209 597 1310 660 subluit

209 683 332 750 thifidis
354 684 503 766 crispatis
527 702 545 742 e
564 681 656 743 thalli
678 682 851 744 substantia
871 681 1020 744 eortleali
1041 681 1226 764 compositis
1245 681 1309 758 (icor.

224 768 280 830 eit.
297 761 362 846 fig.
390 791 416 833 ι.
436 766 483 839 ὁ.)
506 764 673 841 obtectus3
696 767 730 828 iu
746 767 862 849 pagina
884 766 1041 827 inferiore
1064 783 1231 838 concavus,
1246 766 1309 828 albis·

226 854 336 926 simus,
360 851 398 912 ad
419 851 539 910 lentem
555 851 742 911 tenuissime
757 863 967 922 tomentosus,
989 850 1064 912 bine
1080 850 1118 910 ad
1143 850 1259 910 oeulan
1274 871 1309 908 ru·

226 937 302 999 alum
325 934 645 1016 subpulrerulentus3
682 933 718 994 ad
748 933 839 994 basin
871 957 895 995 s.
926 934 1138 995 insertionem
1162 934 1306 1014 angustini·

226 1041 310 1095 mus,
334 1019 373 1080 ab
395 1016 470 1077 bin'o
493 1017 612 1080 senaim
634 1017 795 1093 dilatatus,
818 1017 1055 1106 dichotomus„
1071 1016 1199 1078 laciniis
1220 1017 1303 1078 eorlu·

225 1105 332 1170 mibus
351 1101 499 1183 margine
520 1099 688 1182 repandis,
717 1103 808 1186 apice
842 1101 1021 1163 rotundatis
1052 1100 1302 1163 sinuato-erenul-

227 1188 272 1250 tis
295 1185 392 1258 ticon.
414 1183 466 1245 eit.
480 1177 547 1266 fig.
568 1187 598 1247 5.
622 1181 677 1263 6.).
721 1186 881 1250 Scutellae
903 1185 1100 1259 terminales,
1123 1185 1217 1246 binae
1236 1198 1303 1244 terna

227 1283 431 1353 aggregatae,
455 1267 487 1326 in
511 1267 626 1342 dorso,
661 1281 696 1329 ut
719 1269 845 1345 thallus,
873 1266 1066 1341 fibrillosae‚
1099 1268 1187 1352 apici
1214 1268 1304 1344 lacinias

227 1351 319 1416 thalli
342 1349 693 1414 cucullato-involutae
723 1353 855 1436 oblique
884 1355 1017 1415 adustae
1038 1371 1099 1430 nee
1127 1351 1304 1434 podieellatse.

227 1451 265 1499 ut
286 1437 481 1519 positionem
504 1434 689 1498 verticalem
712 1431 950 1516 adipiscantur3
983 1457 1105 1520 eaeque
1128 1439 1162 1498 in
1182 1437 1266 1517 priua
1279 1433 1306 1514 ja·

227 1534 360 1585 rentute
382 1519 511 1605 quidem
533 1516 778 1598 punctilormes‚
801 1542 873 1582 mox
894 1541 972 1584 vero
994 1519 1257 1602 plano-dilatatae
1272 1535 1306 1577 aet

228 1604 382 1688 globosae
399 1601 498 1683 (icon.
517 1599 572 1664 cit.
585 1594 643 1686 fig
655 1602 703 1681 3),
725 1604 848 1666 demum
866 1622 926 1687 pro
941 1605 1032 1666 thalli
1048 1605 1183 1667 minutle
1197 1601 1307 1680 mainsen-

227 1689 289 1762 lae‚
314 1689 472 1749 diametro
493 1686 702 1748 transversali
724 1688 795 1748 fere
818 1688 1060 1772 quadrilineari‚
1084 1687 1276 1752 subnotandus
1288 1693 1307 1742 et

228 1771 434 1835 reniformes.
478 1769 607 1846 Discus,
630 1785 798 1855 postquam
817 1794 913 1854 supra
932 1775 1064 1836 thallum
1086 1787 1225 1855 apparel,
1243 1785 1306 1850 aequ·

230 1856 358 1940 planus,
381 1851 520 1914 interius
542 1853 775 1936 nigro-fuscus,
798 1856 836 1916 ad
859 1855 1062 1938 superficiem
1087 1853 1307 1938 caesio-pruine

230 1960 306 2015 sua;
337 1938 371 1997 in
392 1937 496 2020 prima
517 1955 595 1999 vero
615 1937 800 2018 juventute,
837 1941 910 2002 dum
933 1942 991 2002 sub
1014 1953 1116 2002 strato
1138 1940 1222 2002 thalli
1247 1934 1308 1998 eoni-

231 2020 295 2085 eali
325 2019 421 2094 latet,
459 2019 686 2102 puuotilormis
720 2022 894 2104 globosus,
933 2046 996 2108 quo
1027 2038 1224 2107 praemature
1251 2020 1307 2082 altr·

230 2105 335 2167 tiente
357 2114 474 2186 puncta
496 2103 587 2186 nigra
610 2105 649 2165 ad
670 2105 760 2166 thalli
788 2104 885 2170 linem
918 2109 1163 2190 conspiciuntur
1195 2105 1306 2168 nucleo

257 2211 297 2251 ue
328 2189 477 2250 latentem
508 2186 651 2250 indicant
685 2188 780 2264 (leon.
812 2191 865 2252 eit.
892 2184 959 2275 rig.
978 2196 1041 2270 fi.).
1085 2197 1197 2275 Margo
1217 2181 1308 2267 eraipuli

233 2210 377 2360 aqbinitii
403 2270 513 2354 plenus
543 2272 711 2356 obliquus,
744 2272 766 2346 i.
790 2293 818 2344 a,
842 2296 966 2338 sursum
996 2276 1113 2348 latior,
1149 2272 1323 2354 circumsistat

234 2356 419 2424 erenulatus
447 2365 479 2414 et
514 2351 854 2434 fibrilloso-eiliatas,
896 2361 930 2420 in
964 2358 1137 2443 superficie
1167 2356 1323 2422 albissimal

28 2494 32 2557 ι
102 2465 113 2474 ·
234 2440 365 2503 Tbeoae
380 2445 501 2524 etatae,
522 2439 711 2524 aubopmae,
729 2440 850 2520 fuscae,
874 2444 975 2528 (quod
992 2446 1025 2506 in
1041 2445 1186 2526 pluribus
1205 2434 1309 2522 specimi-

234 2524 330 2585 nibus
351 2522 456 2584 ieonis
478 2519 593 2594 citatae
617 2524 725 2585 omisit
746 2524 884 2607 pictori,
908 2528 959 2591 vel
982 2530 1168 2611 simplices,'
1187 2526 1232 2589 vel
1248 2514 1309 2585 rauel

238 2606 416 2679 tnnulattes
441 2624 551 2686 ⁸P0r³⁸
567 2606 658 2668 binas
680 2607 827 2690 globosae
839 2610 1004 2686 foventes,¹
1021 2629 1174 2695 septenae
1185 2617 1309 2672 octonae

236 2690 412 2754 biseriatae
431 2707 492 2750 aee
512 2711 586 2754 asco
604 2692 747 2757 inclusae
770 2692 868 2773 (icon.
892 2701 945 2758 cit.
959 2690 1026 2780 fig.
1051 2699 1079 2756 I.
1100 2701 1134 2761 5.
1155 2699 1197 2777 7.)

323 2818 447 2882 Crescit
463 2814 506 2879 ad
518 2819 662 2884 romulos
681 2822 836 2890 arborum
857 2825 890 2888 in
904 2825 1075 2916 provincia
1089 2821 1250 2896 Parelmb
1266 2833 1308 2898 bl·

153 2961 156 2969 ,
223 2925 340 3016 ‘prope
368 2899 483 2968 Villam
505 2902 547 2964 da
569 2901 673 2974 Porta
693 2906 735 2978 de
753 2905 847 2978 Mo'z,

526 3160 568 3212 15·
599 3163 831 3214 renuente
881 3169 1084 3216 numm.

229 3379 248 3398 ,Ι
326 3314 364 3374 Ρ.
386 3312 487 3377 tballo
509 3315 648 3379 loliaeeo
670 3316 824 3404 utrinque
846 3319 953 3384 albido
974 3315 1105 3403 glabro,
1135 3311 1247 3381 laciniis
1263 3299 1309 3364 diu·

232 3393 354 3458 micatis
376 3398 469 3479 apios
492 3399 632 3462 dilatatis
653 3401 751 3485 longe
772 3403 1054 3481 atro-fimbriatis,
1087 3398 1223 3467 scutellis
1243 3391 1312 3452 latua·

243 3477 330 3540 libus
351 3482 453 3562 planis
473 3480 576 3546 badii·
598 3486 865 3555 atro-fimbriatis.
906 3486 1033 3581 Meyer
1063 3487 1097 3556 in
1119 3484 1242 3576 Spffl'l·
1260 3471 1312 3558 Syn.

250 3560 361 3646 Vrget.
385 3583 452 3627 cur.
474 3577 556 3647 post.
577 3587 610 3648 p.
632 3570 706 3640 328.
1320 3567 1321 3570 Ἴ

332 3674 509 3750 Crassitio
530 3678 676 3755 Braailia
700 3683 866 3772 (Meyer.)

458 3931 501 3988 16.
537 3938 772 3996 aauunura
822 3941 1156 3994 resonuerunt.

328 4094 365 4155 P·
390 4093 490 4169 thallo
513 4096 762 4162 conveniaseulo
784 4100 930 4176 candido,
952 4081 1314 4186 laciniisapplauatiqltflt·

245 4167 417 4240 fimbriatis
440 4179 551 4245 subtus
573 4180 726 4245 lariuosia
747 4186 839 4270 apice
861 4183 1123 4264 tumidiueeulis,
1143 4171 1261 4245 seutella
1276 4171 1320 4236 tar}

187 4361 193 4374 .
245 4255 417 4324 minuitas
452 4264 600 4334 cuneavit
627 4265 782 4336 brunueis
802 4269 900 4359 louge
928 4267 1109 4334 fimbriatis·
1149 4259 1255 4346 ΜΨ,
1269 4239 1283 4306 1,
1297 4253 1320 4296 ,,,
